1952 3342
305 148 361 187 12
800 150 1282 194 ANNOTATIONES.

305 256 556 298 maticorum
588 256 775 299 fontibus
807 273 884 300 sua
914 260 1115 312 hausisse,
1148 261 1351 313 videlicet,
1375 267 1423 304 ut
1455 262 1544 317 ipse
1573 267 1772 315 testatur,

304 340 343 380 p.
365 326 402 367 8.
425 341 447 367 e
470 325 674 381 Dionysii,
699 327 884 368 Cratetis
905 332 949 369 et
971 329 1158 371 Euclidis
1179 329 1309 371 libris.

366 393 426 448 (b)
471 394 622 435 Priora
656 394 746 449 jam
787 395 1048 450 scripseram,
1082 412 1175 438 cum
1208 398 1250 438 in
1283 413 1432 440 manus
1467 400 1569 440 mihi
1606 400 1774 441 devenit

304 462 472 517 egregia
503 463 734 504 doctissimi
764 463 840 504 viri
873 464 1035 506 Friedr.
1060 465 1225 507 Ritschl
1256 466 1499 508 dissertatio
1535 468 1586 508 de
1619 467 1774 509 Biblio-

303 530 438 571 thecis
474 530 774 573 Alexandrinis
810 534 882 574 &a
915 533 1125 584 Bresslau,
1160 535 1221 574 80.
1261 534 1384 589 1838.
1417 539 1459 576 et
1495 535 1680 590 perlecto
1713 536 1774 576 in-

304 598 410 653 signi
434 598 600 639 Scholio
624 599 836 651 Plautino,
860 601 972 655 quod
1002 601 1059 641 illi
1088 602 1166 642 hac
1195 601 1481 656 disputatione
1512 603 1774 646 instituenda

303 672 383 714 fuit
404 673 496 713 fons
517 677 560 713 et
581 678 890 728 argumentum,
906 675 1053 715 statim
1074 675 1237 730 agnovi,
1256 680 1449 716 nostrum
1470 677 1532 717 ita
1553 677 1773 718 convenire

303 755 398 781 cum
429 755 478 782 eo
507 740 686 788 Scholio,
711 742 828 796 cujus
858 742 1025 783 initium
1057 748 1225 784 tantum
1256 758 1282 784 a
1314 744 1528 785 Meinekio
1556 746 1773 801 vulgatum

304 809 499 859 sciebam,
534 809 692 861 Quaest.
726 810 846 851 Scen.
879 810 997 865 Spec.
1026 810 1110 852 HI.
1142 827 1182 866 p.
1204 824 1259 866 3.,
1294 815 1342 852 ut
1377 812 1502 853 ambo
1538 828 1590 854 ex
1625 815 1774 856 eodem

303 877 421 918 fonte
457 877 649 919 derivata
688 878 816 920 fuisse
856 894 1024 920 necesse
1059 879 1127 921 sit.
1202 880 1325 932 Quod
1365 884 1414 921 ut
1453 881 1588 936 magis
1627 882 1773 924 lectori

303 946 471 987 evidens
492 946 581 996 fiat,
604 947 642 988 ei
671 951 811 988 totum
843 947 1040 989 Scholion
1061 963 1083 989 e
1104 949 1278 990 laudata
1303 948 1614 991 Dissertatione
1644 950 1773 992 oculis

303 1014 534 1069 subjiciam.

363 1088 387 1105 ‘⁶
410 1083 477 1124 Ex
499 1083 635 1125 Gaeoio
656 1083 698 1124 in
720 1090 957 1126 commento
974 1085 1285 1127 Comoediarum
1302 1085 1602 1141 Aristophanis
1624 1086 1772 1129 Poetae

305 1157 329 1175 ‘⁶
351 1152 393 1193 in
416 1153 556 1204 Pluto,
576 1168 701 1208 quam
722 1168 942 1208 possumus
959 1155 1216 1210 opulentiam
1238 1171 1491 1211 nuncupare.
1528 1155 1774 1197 Alexander

305 1226 329 1244 ‘⁶
351 1221 528 1263 AEtolus
550 1227 592 1264 et
616 1222 867 1277 Lycophron
888 1223 1174 1265 Chalcidensis
1199 1229 1242 1266 et
1270 1225 1515 1265 Zenodotus
1543 1223 1773 1279 Ephestius

304 1289 531 1344 “impulsu
564 1291 692 1346 Regis
729 1292 948 1333 Ptolemaei
983 1293 1248 1347 Philadelphi
1282 1297 1573 1348 cognomento,
1598 1293 1668 1347 qui
1697 1292 1772 1333 mi-

305 1363 328 1380 “
350 1372 443 1398 rum
466 1358 507 1398 in
523 1359 695 1399 modum
716 1360 886 1401 favebat
907 1360 1082 1415 ingeniis
1104 1365 1147 1402 et
1168 1362 1290 1402 famae
1305 1362 1526 1402 doctorum
1542 1361 1770 1413 hominum,

306 1431 329 1448 “
353 1427 512 1467 Grfecae
541 1427 646 1468 artis
671 1428 858 1482 poeticos
879 1428 1007 1469 libros
1028 1429 1070 1469 in
1091 1444 1220 1470 unum
1241 1429 1510 1485 collegerunt,
1535 1435 1578 1471 et
1599 1429 1641 1470 in
1663 1429 1772 1470 ordi-

304 1499 445 1535 “nem
476 1495 754 1550 redegerunt,
790 1496 1034 1538 Alexander
1061 1498 1306 1553 tragoedias,
1337 1498 1588 1553 Lycophron
1620 1511 1772 1539 comoe-

304 1568 328 1586 “
351 1564 453 1613 dias,
477 1564 719 1605 Zenodotus
750 1579 847 1606 vero
880 1565 1058 1607 Homeri
1089 1572 1287 1621 poemata
1314 1572 1357 1608 et
1384 1567 1640 1621 reliquorum
1660 1566 1771 1607 illus-

303 1636 326 1653 “
349 1631 478 1672 trium
499 1637 733 1686 poctarum.
796 1633 906 1675 Nam
935 1634 1026 1675 Rex
1052 1635 1118 1676 ille
1139 1635 1397 1690 philosophis
1417 1635 1707 1676 affertissimus
1728 1638 1772 1676 et

303 1705 327 1721 “
349 1700 513 1740 caeteris
541 1701 733 1741 omnibus
759 1702 979 1743 autoribus
1010 1702 1144 1753 claris,
1169 1703 1399 1757 disquisitis
1427 1703 1617 1758 impensa
1643 1703 1770 1758 regiae

303 1773 326 1790 ‘⁶
349 1769 644 1810 munificentiae
675 1770 829 1824 ubique
859 1776 1070 1812 terrarum
1093 1778 1298 1827 quantum
1326 1773 1458 1814 valuit
1478 1772 1769 1824 voluminibus,

303 1841 326 1857 ⁶⁴
349 1851 477 1890 opera
519 1838 724 1878 Demetrii
766 1839 951 1880 Phalerii
992 1838 1131 1895 'phzxa
1167 1855 1311 1882 senum
1348 1842 1453 1882 duas
1494 1840 1771 1882 bibliothecas

302 1910 326 1926 ‘⁶
348 1904 458 1955 fecit,
482 1905 661 1946 alteram
692 1911 814 1947 extra
846 1907 1034 1963 Regiam,
1057 1909 1236 1950 alteram
1269 1914 1411 1950 autem
1439 1909 1482 1949 in
1510 1909 1656 1964 Regia.
1719 1909 1770 1949 In

302 1978 325 1995 ‘⁶
348 1973 553 2014 exteriore
584 1978 727 2015 autem
749 1975 919 2017 fuerunt
950 1977 1064 2018 milia
1093 1977 1347 2018 voluminum
1376 1977 1658 2032 quadraginta
1685 1977 1770 2018 duo

301 2046 325 2063 “
348 2046 391 2082 et
413 2042 669 2097 octingenta.
733 2043 783 2083 In
805 2044 939 2099 Regia
959 2050 1102 2086 autem
1128 2046 1383 2086 bibliotheca
1404 2045 1658 2086 voluminum
1681 2045 1769 2100 qui-

302 2115 325 2132 “
348 2111 442 2150 dem
465 2110 788 2152 commixtorum
811 2112 1020 2153 vohunina
1042 2113 1350 2168 quadringenta
1370 2113 1496 2164 milia,
1520 2112 1769 2168 simplicium

301 2184 325 2200 “
347 2183 490 2219 autem
526 2184 569 2220 ct
605 2180 864 2235 digestorum
900 2181 1015 2222 milia
1050 2182 1293 2237 nonaginta,
1329 2182 1450 2223 sicuti
1483 2182 1613 2224 refert
1646 2183 1769 2225 Galli-

301 2252 324 2268 “
347 2261 490 2287 macus
530 2247 689 2288 aulicus
730 2248 885 2303 Regius
926 2249 1279 2300 bibliothecarius,
1315 2250 1385 2305 qui
1427 2249 1555 2290 etiam
1595 2250 1768 2306 singulis

301 2320 324 2336 ‘⁵
347 2315 626 2356 voluminibus
671 2316 819 2357 titulos
859 2317 1082 2372 inscripsit.
1146 2318 1248 2359 Fuit
1289 2323 1507 2373 praeterea,
1546 2318 1616 2373 qui
1655 2319 1768 2360 idem

300 2388 323 2404 ‘⁶
345 2388 568 2434 asseveret,
594 2385 900 2426 Eratosthenes
931 2400 1013 2426 non
1045 2385 1106 2426 ita
1138 2386 1271 2427 multo
1299 2391 1396 2441 post
1417 2387 1604 2441 ejusdem
1625 2392 1768 2430 custos

300 2455 323 2471 “
346 2451 622 2494 bibliothecae.
685 2453 791 2494 Haec
818 2458 960 2495 autem
988 2454 1157 2495 fuerunt
1190 2455 1374 2495 onmium
1405 2455 1594 2510 gentium
1621 2470 1671 2497 ac
1691 2456 1766 2496 lin—

299 2523 322 2539 “
344 2533 523 2572 guarum
540 2536 631 2575 quae
654 2521 809 2562 habere
831 2522 971 2576 potuit
992 2523 1118 2563 (locta
1135 2523 1357 2573 volumina,
1376 2538 1469 2578 quae
1492 2538 1655 2565 summa
1676 2524 1766 2566 dili-

299 2592 322 2607 “
343 2588 488 2641 gentia
510 2588 601 2629 Rex
628 2589 694 2630 ille
720 2590 762 2630 in
788 2604 907 2630 suam
938 2590 1122 2645 linguam
1153 2590 1252 2631 fecit
1276 2591 1330 2631 ab
1362 2591 1532 2645 optimis
1562 2591 1766 2647 interpre-

299 2660 322 2676 “
344 2655 457 2696 tibus
479 2658 678 2699 converti.
740 2659 937 2699 Ceterum
962 2658 1211 2699 Pisistratus
1233 2673 1422 2713 sparsam
1450 2659 1565 2713 prius
1588 2659 1766 2702 Homeri

300 2728 323 2743 ‘⁶
346 2724 502 2776 poesim
540 2730 640 2767 ante
680 2726 956 2767 Ptolem-ceum
991 2726 1312 2781 Philadelphum
1345 2727 1464 2768 annis
1498 2728 1690 2769 ducentis
1722 2733 1766 2770 et

299 2797 323 2812 ‘⁸
346 2806 394 2831 eo
417 2792 544 2832 ctiam
566 2793 756 2848 amplius,
780 2794 938 2835 sollerti
960 2809 1059 2835 cura
1080 2795 1122 2835 in
1144 2810 1193 2835 ea
1215 2810 1306 2849 quae
1328 2810 1437 2836 nunc
1459 2800 1629 2837 exstant
1649 2797 1767 2838 rede-

300 2864 322 2879 “
344 2859 407 2913 git
429 2860 649 2912 volumina,
673 2876 772 2902 usus
798 2862 853 2902 ad
881 2863 958 2903 hoc
990 2878 1094 2917 opus
1122 2863 1305 2905 divinum
1333 2864 1540 2905 industria
1562 2869 1767 2919 quattuor

300 2932 324 2948 ·‘
346 2927 709 2971 celeberrimorum
730 2934 774 2971 et
795 2930 1173 2972 eriulitissimorum
1193 2931 1420 2983 hominum,
1438 2932 1642 2984 videlicet,
1658 2932 1765 2975 Con-
