1952 3342
306 168 392 209 388
763 170 999 209 ΕΚΛΟΓΑΙ
1031 169 1308 209 ΔῘΑΦΟΡΟΙ.

306 287 456 328 insunt
479 287 530 328 de
553 286 728 327 Thalete
760 285 805 325 in
829 286 1072 340 AEgyptum
1107 284 1308 325 accersito
1332 298 1357 324 a
1380 283 1612 335 Pharaone,
1635 288 1678 325 et
1713 283 1764 324 de

313 364 483 419 Moyse.

377 434 460 482 Καὶ
485 431 747 498 Παρμενίδης
768 435 846 496 γάρ
871 441 975 494 φησι
1008 432 1074 479 τον
1105 431 1228 497 ἔρωτα
1260 432 1325 479 τὸν
1356 436 1450 478 θεῖον
1481 432 1767 495 ὃημιουργῆσαι

311 511 355 559 τὸ
379 520 469 558 πᾶν.

377 586 565 634 Δεῖκνυσι
590 592 703 633 τοῦτο
737 589 755 633 ὃ
790 585 1061 651 Πυθαγόρειος
1097 583 1334 647 Νικόμαχος
1370 584 1480 637 εὐθὺς
1516 584 1553 631 ἐν
1586 583 1806 650 προοιμιΙῳΞ

312 670 384 721 τῆς
408 665 668 725 ἀριθμητικῆς
692 663 812 709 αὐτοῦ
837 664 1076 726 εἰσαγωγῆς.

382 745 568 786 Plurima
602 750 751 800 postea
775 745 826 786 de
850 745 1095 786 Alemaeone
1132 744 1392 796 Crotoniata,
1417 745 1468 785 de
1505 743 1771 794 Parmenffle,

314 822 508 873 Melisso,
532 826 575 862 et
599 821 882 876 Xenophane.

382 899 488 940 Cod.
514 903 629 952 1928.
656 898 802 939 Chart.
827 913 905 941 XV.
931 913 1029 939 saec.
1077 897 1280 940 Continet
1314 897 1535 953 Neophyti
1570 896 1775 938 Monaehi

315 976 458 1018 Schol.
484 980 526 1016 et
549 974 791 1016 Divisiones
813 975 858 1016 in
883 975 1030 1031 Logic.
1053 975 1306 1017 Aristotelis.
1794 987 1842 1012 10

381 1052 595 1093 Theodori
637 1052 858 1093 Prodromi
899 1053 950 1094 de
992 1053 1157 1108 Magno
1198 1057 1240 1094 et
1278 1052 1426 1094 Parvo.
1484 1051 1686 1106 Excerpt.
1726 1064 1777 1091 ex

320 1129 468 1171 Proclo
492 1129 537 1169 in
563 1129 802 1170 Euclidem.

384 1206 433 1247 F.
455 1220 493 1258 7.
531 1205 672 1247 Schol.
692 1205 914 1261 Neophyti
936 1205 980 1247 in
1004 1220 1206 1247 numeros
1226 1206 1446 1256 Indorum,
1464 1219 1570 1260 quos
1594 1204 1779 1246 exhibet.

319 1283 448 1324 Pselli
470 1282 515 1322 in
542 1282 845 1323 Geometriam.

386 1360 435 1401 F.
460 1374 609 1411 17—20.
644 1354 845 1400 Ὠκέλλου
875 1359 945 1400 τοῦ
968 1359 1164 1401 Λευκανοῦ
1196 1351 1284 1417 περὶ
1316 1360 1389 1412 τῆς
1422 1360 1490 1401 τοῦ
1524 1353 1668 1407 παντὸς
1699 1354 1778 1415 φῦ-
1797 1366 1842 1405 15

322 1452 433 1486 σεως,
459 1431 553 1477 τάδε
586 1430 829 1494 συνέγραψεν
848 1428 1055 1483 ”Ωκελλος
1080 1433 1097 1477 ὃ
1122 1430 1319 1484 Λευκανὸς
1341 1430 1429 1495 περὶ
1452 1438 1525 1489 τῆς
1547 1437 1615 1478 τοῦ
1638 1430 1782 1484 παντὸς

320 1509 495 1568 φύσεως,
520 1508 572 1554 τὰ
606 1508 678 1568 μὲν
713 1506 1019 1570 τεκμαιρόμενος
1055 1515 1196 1567 σαφῶς
1232 1507 1321 1570 παρ’
1353 1508 1477 1563 αὖτῆς
1516 1514 1587 1564 τῆς
1623 1508 1782 1568 φύσεως

321 1584 508 1645 ἐκμαθὼν,
531 1584 584 1630 τὰ
618 1584 659 1630 ’δὲ
694 1583 760 1630 καὶ
797 1585 885 1648 ὃοξῇ
915 1585 1024 1646 μετὰ
1061 1584 1182 1647 λόγου
1217 1582 1261 1631 το
1297 1583 1401 1637 εἰκὸς
1424 1583 1500 1631 ἀπο
1525 1591 1597 1643 τῆς
1620 1586 1784 1644 νοήσεως

322 1660 632 1722 στοχαζόμενος.

389 1742 437 1783 F.
467 1757 528 1783 21.
581 1736 795 1798 Ἀμμωνίου
829 1743 898 1784 τοῦ
933 1735 1121 1800 Ἑρμείου
1157 1735 1427 1799 προλεγόμενα
1464 1737 1520 1790 εἷς
1556 1738 1626 1795 τὴν
1663 1746 1784 1799 φιλο·
1800 1755 1849 1781 20

324 1814 469 1873 σοφίαν
492 1821 639 1860 πᾶσαν.
1203 1868 1207 1871 ι

391 1895 439 1935 F.
463 1909 524 1948 25.
549 1896 630 1937 Τοῦ
649 1890 769 1937 αὐτοῦ
790 1889 1003 1952 Ἀμμωνίου
1027 1889 1255 1951 φιλοσόφου
1273 1896 1342 1938 τοῦ
1364 1890 1552 1955 ζΕρμειΙον
1575 1890 1787 1954 ὑπόμνημα

327 1966 385 2018 εἷς
408 1966 484 2018 τὰς
507 1967 621 2013 πέντε
646 1969 792 2026 φωνάς.

393 2049 441 2089 F.
464 2064 530 2101 35.
567 2043 796 2107 Πορφυριόυ
821 2043 1024 2106 εἰσαγωγὴ
1048 2064 1146 2091 cum
1172 2050 1313 2091 Schol.
1334 2049 1589 2105 Magentini.

392 2125 440 2166 F.
461 2129 525 2166 66.
573 2124 643 2166 Jo.
669 2125 895 2181 Philoponi
932 2127 1073 2168 Schol.
1108 2126 1152 2167 in
1187 2127 1427 2168 Aristotelis
1466 2126 1709 2182 Categorias
1746 2132 1788 2168 et
1803 2139 1849 2179 25

327 2201 528 2243 Ammon.
553 2202 597 2242 in
621 2203 806 2244 easdem.

395 2278 443 2319 F.
467 2282 554 2319 181.
580 2271 713 2337 ‘'Onep
738 2273 805 2320 καὶ
829 2277 847 2320 ὁ
869 2275 1002 2336 μέγας
1025 2273 1288 2337 Παρμενίδης
1306 2274 1423 2322 παντὶ
1446 2281 1500 2340 τῷ
1524 2282 1641 2339 νοητῷ
1666 2276 1789 2339 ὖποῖρ-

327 2369 414 2410 χειν
436 2348 701 2408 ἀποφαίνεται

489 2429 522 2460 οὐ
540 2428 604 2474 γὰρ
624 2424 675 2470 ἔην
694 2429 752 2463 οὐδ’
774 2425 886 2470 ἔσται,
911 2428 1045 2476 (φησιν)
1067 2430 1141 2475 ὁμοῦ
1160 2433 1237 2471 πᾶν,
1259 2428 1333 2465 ἔστι
1354 2429 1386 2466 δὲ
1406 2434 1527 2477 μοῦνον.

398 2508 504 2549 Cod.
529 2513 645 2561 1873.
672 2509 817 2550 Chart.
835 2509 879 2550 in
898 2510 970 2551 fol.
991 2525 1087 2551 saec.
1103 2525 1181 2552 xv.
1207 2512 1334 2553 Cont.
1352 2512 1580 2553 Alexandr.
1596 2512 1788 2567 Aphrod.
1804 2530 1853 2566 30

332 2585 575 2627 Comment.
599 2587 643 2627 in
666 2587 839 2643 Analyt.
866 2592 908 2628 et
930 2588 1146 2644 Anonym.
1177 2588 1418 2631 Comment.
1450 2590 1495 2631 in
1527 2589 1704 2632 Aristot.
1738 2591 1790 2632 de

331 2663 476 2704 Anim.

400 2739 506 2781 Cod.
532 2755 648 2793 1927.
686 2739 832 2782 Chart.
851 2741 922 2782 fol.
941 2756 1051 2782 max.
1076 2756 1172 2783 saec.
1188 2756 1266 2784 xv.
1291 2742 1417 2784 Cont.
1438 2743 1580 2785 Schol.
1598 2744 1790 2787 Eustrat.

332 2822 375 2858 et
399 2817 554 2872 Aspas.
590 2823 634 2858 et
668 2817 803 2859 Mieh.
837 2820 997 2874 Ephes.
1021 2819 1065 2860 in
1089 2820 1265 2862 Aristot.
1298 2820 1440 2862 Ethie.
1472 2820 1642 2862 Nicom.
1711 2823 1792 2864 Est

331 2893 496 2950 integer
519 2901 561 2936 et
584 2896 684 2937 satis
709 2896 816 2939 bene
841 2898 1040 2953 scriptuS,
1066 2898 1140 2939 sed
1163 2914 1250 2941 non
1275 2898 1456 2955 eleganti
1481 2914 1625 2941 manu.
1803 2910 1851 2949 35
