<?xml version="1.0" encoding="UTF-8"?>
<!DOCTYPE html PUBLIC "-//W3C//DTD XHTML 1.0 Transitional//EN"
    "http://www.w3.org/TR/xhtml1/DTD/xhtml1-transitional.dtd">
<html xmlns="http://www.w3.org/1999/xhtml" xml:lang="en" lang="en">
 <head>
  <title>
</title>
<meta http-equiv="Content-Type" content="text/html;charset=utf-8" />
  <meta name='ocr-system' content='tesseract 3.04.00' />
  <meta name='ocr-capabilities' content='ocr_page ocr_carea ocr_par ocr_line ocrx_word'/>
</head>
<body>
  <div class='ocr_page' id='page_1' title='image "./anecdotagraecaec01cram/anecdotagraecaec01cram_0026.png"; bbox 0 0 1952 3342; ppageno 0'>
   <div class='ocr_carea' id='block_1_1' title="bbox 255 201 1300 255">
    <p class='ocr_par' dir='ltr' id='par_1_1' title="bbox 255 201 1300 255">
     <span class='ocr_line' id='line_1_1' title="bbox 255 201 1300 255; baseline -0.005 -9"><span class='ocrx_word' id='word_1_1' title='bbox 255 250 259 255; x_wconf 28' lang='lat'>¹</span> <span class='ocrx_word' id='word_1_2' title='bbox 330 208 384 246; x_wconf 87' lang='lat'>18</span> <span class='ocrx_word' id='word_1_3' title='bbox 821 201 1300 244; x_wconf 87' lang='lat' dir='ltr'>ANNOTATIONES.</span> 
     </span>
    </p>
   </div>
   <div class='ocr_carea' id='block_1_2' title="bbox 330 309 1798 1459">
    <p class='ocr_par' dir='ltr' id='par_1_2' title="bbox 330 309 1795 435">
     <span class='ocr_line' id='line_1_2' title="bbox 330 309 1795 365; baseline -0.003 -12"><span class='ocrx_word' id='word_1_4' title='bbox 330 314 468 362; x_wconf 84' lang='lat' dir='ltr'>homo,</span> <span class='ocrx_word' id='word_1_5' title='bbox 492 325 586 352; x_wconf 87' lang='lat' dir='ltr'>cum</span> <span class='ocrx_word' id='word_1_6' title='bbox 606 325 722 351; x_wconf 87' lang='lat' dir='ltr'>more</span> <span class='ocrx_word' id='word_1_7' title='bbox 744 324 818 351; x_wconf 79' lang='lat' dir='ltr'>suo</span> <span class='ocrx_word' id='word_1_8' title='bbox 835 310 1120 365; x_wconf 80' lang='lat' dir='ltr'>jactabundus</span> <span class='ocrx_word' id='word_1_9' title='bbox 1140 309 1353 364; x_wconf 67' lang='lat' dir='ltr'>praedicet,</span> <span class='ocrx_word' id='word_1_10' title='bbox 1378 309 1552 362; x_wconf 82' lang='grc' dir='ltr'>ἐντυχὼν</span> <span class='ocrx_word' id='word_1_11' title='bbox 1574 309 1795 360; x_wconf 84' lang='grc' dir='ltr'>σατυρικοῖς</span> 
     </span>
     <span class='ocr_line' id='line_1_3' title="bbox 332 377 1415 435; baseline -0.005 -13"><span class='ocrx_word' id='word_1_12' title='bbox 332 380 526 435; x_wconf 77' lang='grc' dir='ltr'>δράμασιν</span> <span class='ocrx_word' id='word_1_13' title='bbox 548 379 772 432; x_wconf 79' lang='grc' dir='ltr'>Εὐριπίδου,</span> <span class='ocrx_word' id='word_1_14' title='bbox 797 378 913 420; x_wconf 83' lang='grc' dir='ltr'>αὐτὸς</span> <span class='ocrx_word' id='word_1_15' title='bbox 932 379 1051 429; x_wconf 83' lang='grc' dir='ltr'>μόνος</span> <span class='ocrx_word' id='word_1_16' title='bbox 1072 377 1251 430; x_wconf 79' lang='grc' dir='ltr'>ἐπέγνων</span> <span class='ocrx_word' id='word_1_17' title='bbox 1273 395 1306 418; x_wconf 87' lang='grc' dir='ltr'>κ.</span> <span class='ocrx_word' id='word_1_18' title='bbox 1324 395 1358 418; x_wconf 89' lang='grc' dir='ltr'>τ.</span> <span class='ocrx_word' id='word_1_19' title='bbox 1377 382 1415 417; x_wconf 89' lang='grc' dir='ltr'>λ.</span> 
     </span>
    </p>

    <p class='ocr_par' dir='ltr' id='par_1_3' title="bbox 331 444 1797 910">
     <span class='ocr_line' id='line_1_4' title="bbox 394 444 1794 503; baseline -0.004 -13"><span class='ocrx_word' id='word_1_20' title='bbox 394 450 450 503; x_wconf 78' lang='lat' dir='ltr'>(k)</span> <span class='ocrx_word' id='word_1_21' title='bbox 486 449 630 490; x_wconf 85' lang='lat' dir='ltr'>Pauca</span> <span class='ocrx_word' id='word_1_22' title='bbox 660 447 887 488; x_wconf 77' lang='lat' dir='ltr'>admodum</span> <span class='ocrx_word' id='word_1_23' title='bbox 922 445 1103 487; x_wconf 84' lang='lat' dir='ltr'>antehac</span> <span class='ocrx_word' id='word_1_24' title='bbox 1133 450 1236 487; x_wconf 87' lang='lat' dir='ltr'>nota</span> <span class='ocrx_word' id='word_1_25' title='bbox 1266 450 1387 486; x_wconf 85' lang='lat' dir='ltr'>erant</span> <span class='ocrx_word' id='word_1_26' title='bbox 1411 446 1649 501; x_wconf 85' lang='lat' dir='ltr'>fragmenta</span> <span class='ocrx_word' id='word_1_27' title='bbox 1671 444 1794 500; x_wconf 76' lang='lat' dir='ltr'>Sylei,</span> 
     </span>
     <span class='ocr_line' id='line_1_5' title="bbox 334 514 1796 570; baseline -0.003 -12"><span class='ocrx_word' id='word_1_28' title='bbox 334 518 510 558; x_wconf 81' lang='lat' dir='ltr'>Philone</span> <span class='ocrx_word' id='word_1_29' title='bbox 530 517 559 557; x_wconf 82' lang='lat' dir='ltr'>J</span> <span class='ocrx_word' id='word_1_30' title='bbox 564 517 685 557; x_wconf 87' lang='lat' dir='ltr'>udaeo</span> <span class='ocrx_word' id='word_1_31' title='bbox 707 514 915 570; x_wconf 85' lang='lat' dir='ltr'>praecipue</span> <span class='ocrx_word' id='word_1_32' title='bbox 937 518 1104 555; x_wconf 76' lang='lat' dir='ltr'>servata</span> <span class='ocrx_word' id='word_1_33' title='bbox 1125 519 1168 555; x_wconf 88' lang='lat' dir='ltr'>et</span> <span class='ocrx_word' id='word_1_34' title='bbox 1190 514 1386 562; x_wconf 83' lang='lat' dir='ltr'>Stobaeo;</span> <span class='ocrx_word' id='word_1_35' title='bbox 1420 529 1555 569; x_wconf 87' lang='lat' dir='ltr'>neque</span> <span class='ocrx_word' id='word_1_36' title='bbox 1575 514 1671 554; x_wconf 90' lang='lat' dir='ltr'>inde</span> <span class='ocrx_word' id='word_1_37' title='bbox 1693 514 1796 555; x_wconf 76' lang='lat' dir='ltr'>satis</span> 
     </span>
     <span class='ocr_line' id='line_1_6' title="bbox 333 582 1796 642; baseline -0.004 -14"><span class='ocrx_word' id='word_1_38' title='bbox 333 587 468 642; x_wconf 84' lang='lat' dir='ltr'>colligi</span> <span class='ocrx_word' id='word_1_39' title='bbox 489 589 659 641; x_wconf 87' lang='lat' dir='ltr'>poterat</span> <span class='ocrx_word' id='word_1_40' title='bbox 680 585 759 625; x_wconf 90' lang='lat' dir='ltr'>hoc</span> <span class='ocrx_word' id='word_1_41' title='bbox 781 585 929 625; x_wconf 82' lang='lat' dir='ltr'>drama</span> <span class='ocrx_word' id='word_1_42' title='bbox 950 582 1120 637; x_wconf 78' lang='lat' dir='ltr'>satyrici</span> <span class='ocrx_word' id='word_1_43' title='bbox 1141 583 1267 624; x_wconf 84' lang='lat' dir='ltr'>fuisse</span> <span class='ocrx_word' id='word_1_44' title='bbox 1288 584 1540 638; x_wconf 83' lang='lat' dir='ltr'>argumenti.</span> <span class='ocrx_word' id='word_1_45' title='bbox 1576 583 1601 623; x_wconf 77' lang='lat' dir='ltr'><strong>J</strong></span> <span class='ocrx_word' id='word_1_46' title='bbox 1609 597 1678 624; x_wconf 85' lang='lat' dir='ltr'>am</span> <span class='ocrx_word' id='word_1_47' title='bbox 1699 597 1796 624; x_wconf 86' lang='lat' dir='ltr'>vero</span> 
     </span>
     <span class='ocr_line' id='line_1_7' title="bbox 331 650 1797 708; baseline -0.003 -13"><span class='ocrx_word' id='word_1_48' title='bbox 331 669 358 696; x_wconf 85' lang='lat' dir='ltr'>a</span> <span class='ocrx_word' id='word_1_49' title='bbox 388 659 533 695; x_wconf 82' lang='lat' dir='ltr'>nostro</span> <span class='ocrx_word' id='word_1_50' title='bbox 566 657 687 707; x_wconf 84' lang='lat' dir='ltr'>patet</span> <span class='ocrx_word' id='word_1_51' title='bbox 718 657 761 693; x_wconf 92' lang='lat' dir='ltr'>et</span> <span class='ocrx_word' id='word_1_52' title='bbox 791 652 915 706; x_wconf 83' lang='lat' dir='ltr'>hujus</span> <span class='ocrx_word' id='word_1_53' title='bbox 945 651 1150 692; x_wconf 78' lang='lat' dir='ltr'>dramatis</span> <span class='ocrx_word' id='word_1_54' title='bbox 1182 655 1225 691; x_wconf 89' lang='lat' dir='ltr'>et</span> <span class='ocrx_word' id='word_1_55' title='bbox 1258 651 1392 692; x_wconf 80' lang='lat' dir='ltr'>omnis</span> <span class='ocrx_word' id='word_1_56' title='bbox 1420 652 1585 708; x_wconf 81' lang='lat' dir='ltr'>generis</span> <span class='ocrx_word' id='word_1_57' title='bbox 1614 650 1797 691; x_wconf 84' lang='lat' dir='ltr'>maxime</span> 
     </span>
     <span class='ocr_line' id='line_1_8' title="bbox 332 718 1794 771; baseline -0.003 -7"><span class='ocrx_word' id='word_1_58' title='bbox 332 723 492 764; x_wconf 83' lang='lat' dir='ltr'>ludicra</span> <span class='ocrx_word' id='word_1_59' title='bbox 513 720 861 761; x_wconf 80' lang='lat' dir='ltr'>indoles.-Hinc</span> <span class='ocrx_word' id='word_1_60' title='bbox 883 719 1012 760; x_wconf 84' lang='lat' dir='ltr'>etiam</span> <span class='ocrx_word' id='word_1_61' title='bbox 1034 719 1220 760; x_wconf 86' lang='lat' dir='ltr'>cernitur</span> <span class='ocrx_word' id='word_1_62' title='bbox 1240 719 1284 759; x_wconf 82' lang='grc' dir='ltr'>τὸ</span> <span class='ocrx_word' id='word_1_63' title='bbox 1305 722 1372 770; x_wconf 84' lang='grc' dir='ltr'>τῆς</span> <span class='ocrx_word' id='word_1_64' title='bbox 1400 718 1659 771; x_wconf 85' lang='grc' dir='ltr'>Ἀλκηστίδος</span> <span class='ocrx_word' id='word_1_65' title='bbox 1681 736 1794 770; x_wconf 52' lang='grc' dir='ltr'>κωμι-</span> 
     </span>
     <span class='ocr_line' id='line_1_9' title="bbox 333 786 1797 845; baseline -0.003 -13"><span class='ocrx_word' id='word_1_66' title='bbox 333 793 514 844; x_wconf 80' lang='grc' dir='ltr'>κώτερον,</span> <span class='ocrx_word' id='word_1_67' title='bbox 538 791 636 845; x_wconf 86' lang='lat' dir='ltr'>quia</span> <span class='ocrx_word' id='word_1_68' title='bbox 656 789 712 830; x_wconf 87' lang='lat' dir='ltr'>ibi</span> <span class='ocrx_word' id='word_1_69' title='bbox 735 788 941 829; x_wconf 82' lang='lat' dir='ltr'>Hercules</span> <span class='ocrx_word' id='word_1_70' title='bbox 961 787 1174 828; x_wconf 77' lang='lat' dir='ltr'>inducitur</span> <span class='ocrx_word' id='word_1_71' title='bbox 1194 786 1405 842; x_wconf 70' lang='lat' dir='ltr'>tantisper</span> <span class='ocrx_word' id='word_1_72' title='bbox 1423 787 1596 838; x_wconf 83' lang='grc' dir='ltr'>μανικὸς,</span> <span class='ocrx_word' id='word_1_73' title='bbox 1619 787 1686 827; x_wconf 83' lang='lat' dir='ltr'>hic</span> <span class='ocrx_word' id='word_1_74' title='bbox 1699 801 1797 828; x_wconf 86' lang='lat' dir='ltr'>vero</span> 
     </span>
     <span class='ocr_line' id='line_1_10' title="bbox 332 860 612 910; baseline -0.011 -10"><span class='ocrx_word' id='word_1_75' title='bbox 332 860 612 910; x_wconf 83' lang='grc' dir='ltr'>μανικώτατος.</span> 
     </span>
    </p>

    <p class='ocr_par' dir='ltr' id='par_1_4' title="bbox 333 922 1796 1049">
     <span class='ocr_line' id='line_1_11' title="bbox 394 922 1796 981; baseline -0.002 -14"><span class='ocrx_word' id='word_1_76' title='bbox 394 927 440 981; x_wconf 77' lang='grc' dir='ltr'>(ἶ)</span> <span class='ocrx_word' id='word_1_77' title='bbox 470 927 684 967; x_wconf 86' lang='lat' dir='ltr'>Incertum</span> <span class='ocrx_word' id='word_1_78' title='bbox 706 930 782 975; x_wconf 78' lang='lat' dir='ltr'>est,</span> <span class='ocrx_word' id='word_1_79' title='bbox 805 938 860 965; x_wconf 88' lang='lat' dir='ltr'>an</span> <span class='ocrx_word' id='word_1_80' title='bbox 882 924 933 964; x_wconf 85' lang='lat' dir='ltr'>de</span> <span class='ocrx_word' id='word_1_81' title='bbox 956 922 1157 977; x_wconf 82' lang='lat' dir='ltr'>Dionysio</span> <span class='ocrx_word' id='word_1_82' title='bbox 1179 923 1342 964; x_wconf 79' lang='lat' dir='ltr'>Thrace</span> <span class='ocrx_word' id='word_1_83' title='bbox 1373 923 1689 979; x_wconf 86' lang='lat' dir='ltr'>intelligendum</span> <span class='ocrx_word' id='word_1_84' title='bbox 1719 928 1796 974; x_wconf 80' lang='lat' dir='ltr'>est,</span> 
     </span>
     <span class='ocr_line' id='line_1_12' title="bbox 333 991 1230 1049; baseline -0.007 -12"><span class='ocrx_word' id='word_1_85' title='bbox 333 1001 407 1037; x_wconf 83' lang='lat' dir='ltr'>aut</span> <span class='ocrx_word' id='word_1_86' title='bbox 429 995 511 1036; x_wconf 88' lang='lat' dir='ltr'>alio</span> <span class='ocrx_word' id='word_1_87' title='bbox 533 995 721 1049; x_wconf 79' lang='lat' dir='ltr'>ejusdem</span> <span class='ocrx_word' id='word_1_88' title='bbox 741 992 921 1034; x_wconf 80' lang='lat' dir='ltr'>nominis</span> <span class='ocrx_word' id='word_1_89' title='bbox 941 991 1230 1047; x_wconf 85' lang='lat' dir='ltr'>grammatico.</span> 
     </span>
    </p>

    <p class='ocr_par' dir='ltr' id='par_1_5' title="bbox 333 1060 1798 1186">
     <span class='ocr_line' id='line_1_13' title="bbox 394 1060 1798 1117; baseline -0.002 -13"><span class='ocrx_word' id='word_1_90' title='bbox 394 1066 465 1117; x_wconf 83' lang='lat' dir='ltr'>(m)</span> <span class='ocrx_word' id='word_1_91' title='bbox 500 1064 565 1104; x_wconf 85' lang='lat' dir='ltr'>De</span> <span class='ocrx_word' id='word_1_92' title='bbox 597 1063 769 1104; x_wconf 81' lang='lat' dir='ltr'>Cratete</span> <span class='ocrx_word' id='word_1_93' title='bbox 799 1061 1001 1116; x_wconf 72' lang='lat' dir='ltr'>praeclaro</span> <span class='ocrx_word' id='word_1_94' title='bbox 1025 1061 1296 1115; x_wconf 76' lang='lat' dir='ltr'>Pergamenae</span> <span class='ocrx_word' id='word_1_95' title='bbox 1329 1060 1490 1101; x_wconf 79' lang='lat' dir='ltr'>Scholae</span> <span class='ocrx_word' id='word_1_96' title='bbox 1520 1060 1798 1115; x_wconf 85' lang='lat' dir='ltr'>grammatico</span> 
     </span>
     <span class='ocr_line' id='line_1_14' title="bbox 333 1128 1724 1186; baseline -0.003 -12"><span class='ocrx_word' id='word_1_97' title='bbox 333 1133 609 1174; x_wconf 78' lang='lat' dir='ltr'>consulendus</span> <span class='ocrx_word' id='word_1_98' title='bbox 631 1130 834 1186; x_wconf 82' lang='lat' dir='ltr'>imprimis</span> <span class='ocrx_word' id='word_1_99' title='bbox 858 1129 1053 1170; x_wconf 83' lang='lat' dir='ltr'>Meineke</span> <span class='ocrx_word' id='word_1_100' title='bbox 1077 1130 1235 1181; x_wconf 75' lang='lat' dir='ltr'>Quaest.</span> <span class='ocrx_word' id='word_1_101' title='bbox 1261 1129 1379 1170; x_wconf 88' lang='lat' dir='ltr'>Scen.</span> <span class='ocrx_word' id='word_1_102' title='bbox 1404 1128 1522 1183; x_wconf 85' lang='lat' dir='ltr'>Spec.</span> <span class='ocrx_word' id='word_1_103' title='bbox 1545 1129 1603 1169; x_wconf 88' lang='lat' dir='ltr'>iii.</span> <span class='ocrx_word' id='word_1_104' title='bbox 1626 1144 1666 1184; x_wconf 93' lang='lat' dir='ltr'>p.</span> <span class='ocrx_word' id='word_1_105' title='bbox 1683 1140 1724 1184; x_wconf 84' lang='lat'>5.</span> 
     </span>
    </p>

    <p class='ocr_par' dir='ltr' id='par_1_6' title="bbox 333 1197 1797 1459">
     <span class='ocr_line' id='line_1_15' title="bbox 396 1197 1797 1255; baseline -0.003 -13"><span class='ocrx_word' id='word_1_106' title='bbox 396 1204 453 1255; x_wconf 73' lang='lat' dir='ltr'>(n)</span> <span class='ocrx_word' id='word_1_107' title='bbox 493 1201 614 1242; x_wconf 79' lang='lat' dir='ltr'>Solus</span> <span class='ocrx_word' id='word_1_108' title='bbox 646 1204 801 1255; x_wconf 81' lang='lat' dir='ltr'>praeter</span> <span class='ocrx_word' id='word_1_109' title='bbox 832 1203 1024 1240; x_wconf 77' lang='lat' dir='ltr'>nostrum</span> <span class='ocrx_word' id='word_1_110' title='bbox 1058 1199 1169 1253; x_wconf 89' lang='lat' dir='ltr'>quod</span> <span class='ocrx_word' id='word_1_111' title='bbox 1200 1197 1341 1247; x_wconf 78' lang='lat' dir='ltr'>sciam,</span> <span class='ocrx_word' id='word_1_112' title='bbox 1373 1197 1497 1252; x_wconf 79' lang='lat' dir='ltr'>hujus</span> <span class='ocrx_word' id='word_1_113' title='bbox 1531 1197 1797 1252; x_wconf 81' lang='lat' dir='ltr'>grammatici</span> 
     </span>
     <span class='ocr_line' id='line_1_16' title="bbox 333 1266 1796 1322; baseline -0.002 -12"><span class='ocrx_word' id='word_1_114' title='bbox 333 1269 524 1310; x_wconf 88' lang='lat' dir='ltr'>meminit</span> <span class='ocrx_word' id='word_1_115' title='bbox 546 1269 717 1309; x_wconf 78' lang='lat' dir='ltr'>Tzetzes</span> <span class='ocrx_word' id='word_1_116' title='bbox 742 1285 780 1308; x_wconf 87' lang='grc' dir='ltr'>π.</span> <span class='ocrx_word' id='word_1_117' title='bbox 805 1271 913 1319; x_wconf 85' lang='grc' dir='ltr'>διαφ.</span> <span class='ocrx_word' id='word_1_118' title='bbox 935 1271 1118 1318; x_wconf 84' lang='grc' dir='ltr'>ποιητῶν.</span> <span class='ocrx_word' id='word_1_119' title='bbox 1156 1266 1316 1306; x_wconf 90' lang='lat' dir='ltr'>Anecd.</span> <span class='ocrx_word' id='word_1_120' title='bbox 1340 1270 1471 1306; x_wconf 78' lang='lat' dir='ltr'>nostr.</span> <span class='ocrx_word' id='word_1_121' title='bbox 1493 1270 1525 1306; x_wconf 90' lang='lat' dir='ltr'>t.</span> <span class='ocrx_word' id='word_1_122' title='bbox 1548 1266 1603 1306; x_wconf 93' lang='lat' dir='ltr'>iii.</span> <span class='ocrx_word' id='word_1_123' title='bbox 1635 1282 1676 1321; x_wconf 91' lang='lat' dir='ltr'>p.</span> <span class='ocrx_word' id='word_1_124' title='bbox 1698 1280 1796 1322; x_wconf 81' lang='lat'>343.</span> 
     </span>
     <span class='ocr_line' id='line_1_17' title="bbox 336 1334 1796 1390; baseline -0.001 -12"><span class='ocrx_word' id='word_1_125' title='bbox 336 1337 399 1379; x_wconf 83' lang='lat' dir='ltr'>Cf.</span> <span class='ocrx_word' id='word_1_126' title='bbox 427 1342 570 1378; x_wconf 89' lang='lat' dir='ltr'>autem</span> <span class='ocrx_word' id='word_1_127' title='bbox 602 1351 705 1390; x_wconf 80' lang='lat' dir='ltr'>quos</span> <span class='ocrx_word' id='word_1_128' title='bbox 737 1335 842 1376; x_wconf 85' lang='lat' dir='ltr'>citat</span> <span class='ocrx_word' id='word_1_129' title='bbox 875 1335 1029 1375; x_wconf 86' lang='lat' dir='ltr'>Muller</span> <span class='ocrx_word' id='word_1_130' title='bbox 1056 1334 1098 1374; x_wconf 93' lang='lat' dir='ltr'>in</span> <span class='ocrx_word' id='word_1_131' title='bbox 1126 1334 1376 1375; x_wconf 80' lang='lat' dir='ltr'>Rheinische</span> <span class='ocrx_word' id='word_1_132' title='bbox 1400 1335 1608 1386; x_wconf 83' lang='lat' dir='ltr'>Museum,</span> <span class='ocrx_word' id='word_1_133' title='bbox 1630 1339 1664 1376; x_wconf 90' lang='lat' dir='ltr'>t.</span> <span class='ocrx_word' id='word_1_134' title='bbox 1686 1350 1726 1377; x_wconf 85' lang='lat' dir='ltr'>v.</span> <span class='ocrx_word' id='word_1_135' title='bbox 1755 1350 1796 1390; x_wconf 92' lang='lat' dir='ltr'>p.</span> 
     </span>
     <span class='ocr_line' id='line_1_18' title="bbox 336 1402 1662 1459; baseline -0.002 -13"><span class='ocrx_word' id='word_1_136' title='bbox 336 1405 433 1459; x_wconf 81' lang='lat'>358.</span> <span class='ocrx_word' id='word_1_137' title='bbox 458 1410 544 1446; x_wconf 88' lang='lat' dir='ltr'>not.</span> <span class='ocrx_word' id='word_1_138' title='bbox 569 1404 656 1445; x_wconf 87' lang='lat' dir='ltr'>Jul.</span> <span class='ocrx_word' id='word_1_139' title='bbox 681 1404 771 1444; x_wconf 88' lang='lat' dir='ltr'>Pol.</span> <span class='ocrx_word' id='word_1_140' title='bbox 796 1402 877 1443; x_wconf 90' lang='lat' dir='ltr'>III.</span> <span class='ocrx_word' id='word_1_141' title='bbox 904 1403 969 1444; x_wconf 81' lang='lat'>82.</span> <span class='ocrx_word' id='word_1_142' title='bbox 993 1418 1015 1443; x_wconf 85' lang='lat' dir='ltr'>e</span> <span class='ocrx_word' id='word_1_143' title='bbox 1038 1403 1138 1444; x_wconf 83' lang='lat' dir='ltr'>Ood.</span> <span class='ocrx_word' id='word_1_144' title='bbox 1161 1402 1382 1457; x_wconf 82' lang='lat' dir='ltr'>Jungerm.</span> <span class='ocrx_word' id='word_1_145' title='bbox 1405 1408 1447 1444; x_wconf 90' lang='lat' dir='ltr'>et</span> <span class='ocrx_word' id='word_1_146' title='bbox 1465 1403 1546 1443; x_wconf 76' lang='lat' dir='ltr'>VI.</span> <span class='ocrx_word' id='word_1_147' title='bbox 1569 1405 1662 1444; x_wconf 82' lang='lat'>161.</span> 
     </span>
    </p>
   </div>
  </div>
 </body>
</html>
