1952 3342
145 1700 218 1731 Ccci
235 1700 337 1740 figure

144 1744 175 1774 la
192 1753 300 1782 marge
351 1765 374 1782 4‘

145 1789 188 1817 du
206 1787 279 1817 MS.

143 1829 263 1870 νόδωρω

145 1878 262 1914 λανκορ

149 1917 246 1948 λῖωνι.

345 219 400 262 16
838 220 1321 263 ANNOTATIONES.

345 326 445 368 Aul.
464 326 571 368 Gell.
593 327 672 368 loc.
695 327 767 368 cit.
791 331 835 368 et
857 326 1017 368 Seneca
1039 327 1109 381 qui
1131 326 1440 382 quadringenta
1459 327 1589 368 millia
1609 326 1811 368 librorum

344 395 514 436 incensa
533 395 723 436 tradidit.
747 395 799 436 de
820 395 977 450 Tranq.
999 395 1144 436 Anim.
1167 410 1202 436 c.
1221 410 1259 451 9.
1303 395 1480 437 Servata
1501 400 1565 437 est
1585 400 1741 446 autem,
1763 400 1812 436 ut

345 464 522 515 videtur,
544 464 681 504 minor
702 463 980 505 Bibliotheca.

406 533 491 587 (f)
527 533 592 573 De
631 532 766 587 primo
800 531 1130 573 Bibliothecario
1165 546 1192 573 a
1228 532 1460 573 Ptolemaeo
1495 531 1693 572 instituto
1728 545 1813 571 non

345 600 613 641 consentiunt
643 605 838 640 auctores
868 600 1058 654 antiqui;
1092 615 1191 640 nam
1221 599 1292 640 alii
1320 600 1599 646 Zenodotum,
1623 599 1693 639 alii
1715 598 1812 639 Ari-

345 669 596 723 stophanem
617 683 712 708 eum
732 668 968 722 praefecisse
989 672 1177 709 narrant.
1223 668 1286 709 Of.
1310 668 1362 708 de
1382 667 1462 708 hac
1482 682 1527 708 re
1549 667 1767 721 disputata
1787 681 1814 707 a

346 737 526 779 Clinton.
565 736 684 777 Fast.
721 736 886 777 Hellen.
922 741 956 777 t.
986 736 1028 776 ii.
1066 736 1263 790 Append.
1296 750 1337 790 p.
1361 735 1458 789 380.
1494 739 1537 776 et
1571 735 1736 776 Ritschl
1771 734 1814 775 in

346 804 497 859 Opusc.
520 804 706 844 laudato.
730 819 771 858 p.
791 816 812 857 7
817 814 858 858 5.

405 873 472 927 (9)
507 872 614 913 Haec
643 871 793 912 misere
828 872 968 912 lacera
1004 875 1102 912 sunt
1133 875 1177 911 et
1208 870 1466 925 depravata;
1505 874 1548 910 et
1579 884 1729 924 parum
1759 870 1815 911 ad

343 941 481 982 locum
516 940 751 982 sanandum
781 940 933 995 juvant
965 954 1057 994 quae
1089 954 1141 980 ex
1171 938 1360 994 margine
1391 937 1546 979 codicis
1578 938 1815 979 describere

344 1013 522 1051 conatus
562 1023 664 1049 sum.
729 1008 838 1049 Illud
874 1012 1018 1049 autem
1052 1007 1154 1048 mihi
1190 1021 1437 1062 persuasum
1471 1006 1619 1056 habeo,
1654 1021 1738 1047 non
1772 1006 1816 1047 in

344 1077 481 1119 verbis
504 1078 567 1117 ἐπὶ
589 1078 780 1129 κογκύλω,
804 1077 914 1118 unde
938 1076 1162 1117 Plautinus
1184 1075 1422 1117 Scholiasta
1450 1074 1686 1115 inauditum
1713 1075 1816 1115 illud

346 1151 375 1170 “
398 1145 593 1200 Concyli³⁵
615 1145 692 1185 sibi
713 1145 849 1194 finxit,
872 1144 1010 1199 prima
1031 1145 1160 1186 etiam
1187 1143 1223 1185 ei
1255 1144 1352 1184 sede
1373 1143 1603 1198 assignata,
1627 1142 1697 1183 ubi
1719 1142 1814 1184 ulti-

344 1228 458 1255 mam
489 1213 715 1263 debuisset,
748 1213 822 1253 sed
852 1213 894 1253 in
925 1212 994 1253 illo
1025 1230 1100 1265 καγ
1128 1212 1192 1253 0111
1223 1211 1413 1253 asterisci
1445 1216 1591 1252 notam
1616 1211 1815 1266 apposuit

346 1282 500 1323 codicis
531 1282 682 1322 scriba.
742 1281 913 1336 Anceps
944 1281 1172 1322 admodum
1199 1295 1299 1335 ergo
1326 1285 1390 1321 est
1413 1279 1656 1334 conjectura
1687 1278 1815 1320 cuivis

345 1350 459 1392 aliud
489 1364 641 1390 nomen
668 1349 888 1404 reponenti
919 1349 1056 1389 nullus
1084 1353 1227 1390 autem
1255 1347 1415 1399 dubito,
1444 1348 1545 1402 quin
1571 1347 1721 1388 ultima
1753 1346 1816 1388 ἐπὶ

347 1423 524 1472 κογκυλω
546 1418 601 1459 ad
623 1417 757 1458 ἐπικὸν
779 1419 923 1458 κύκλον
944 1422 1019 1458 aut
1042 1418 1159 1472 ἐπικῷ
1182 1417 1308 1471 κύκλῳ
1329 1416 1567 1457 revocanda
1588 1415 1687 1457 sint.

404 1487 511 1527 Haec
533 1485 731 1527 scribenti
754 1485 909 1525 adsunt
930 1485 1159 1525 doctissimi
1182 1484 1276 1524 Viri
1299 1485 1343 1526 O.
1362 1484 1517 1525 Bcned.
1542 1484 1661 1525 Hase
1682 1484 1814 1526 literae

347 1555 430 1610 qui,
454 1555 590 1595 denuo
618 1554 807 1608 inspecto
829 1554 995 1604 Codice,
1018 1554 1292 1609 marginalem
1313 1553 1578 1608 scripturam,
1601 1553 1813 1608 praeclare,

348 1629 395 1665 ut
418 1623 535 1672 solet,
559 1622 886 1677 redintegravit:

408 1697 432 1714 ‘⁴
456 1692 536 1732 Les
568 1696 679 1731 mots
710 1705 761 1731 en
793 1691 998 1744 question,
1033 1691 1138 1731 dans
1169 1691 1207 1731 10
1242 1690 1337 1731 Cod.
1367 1690 1465 1745 Ray.
1495 1689 1570 1730 ΝΟ.
1595 1691 1717 1742 2677,
1749 1704 1816 1730 me

397 1759 603 1801 semblent
623 1758 778 1813 figures
799 1758 905 1799 ainsi
922 1775 930 1798 ε

1309 1826 1551 1881 ὀνομακρίτῳ
1574 1826 1746 1876 αθηναίω
1776 1824 1818 1876 ‘²5

349 1913 423 1948 καγ
445 1895 508 1935 ἐπὶ
531 1900 720 1948 κογκυλω.
749 1902 864 1941 cxvi).
888 1896 1041 1947 ὕςερον.

412 1969 437 1986 “
468 1964 665 2005 L'accent
708 1979 780 2004 sur
825 1965 901 2012 καὶ,
948 1965 1057 2005 Γίοΐα
1103 1964 1282 2006 souscrit
1329 1970 1372 2006 et
1417 1963 1576 2018 l'esprit
1621 1963 1734 2002 doux
1778 1961 1817 2001 d'

349 2037 374 2055 ‘⁶
394 2031 591 2087 Ἀθηναίῳ
625 2037 868 2087 manquent,
903 2039 945 2074 et
975 2033 1072 2073 bien
1105 2048 1185 2087 (1110
1216 2033 1314 2087 ]”.ῖιί0
1349 2047 1528 2088 presque
1564 2030 1743 2071 detache
1779 2029 1817 2070 10

349 2105 374 2123 “
397 2100 567 2149 feuillet,
586 2101 630 2154 je
651 2100 739 2141 vois
761 2116 840 2154 que
862 2101 921 2141 103
948 2100 1129 2141 initiales
1159 2102 1211 2142 (10
1237 2102 1421 2142 chacune
1449 2101 1523 2141 des
1549 2099 1654 2140 trois
1685 2098 1817 2152 lignes

350 2173 375 2190 ‘⁸
397 2169 449 2208 de
489 2168 531 2208 la
570 2168 724 2208 scholio
762 2168 992 2223 marginale
1029 2175 1125 2210 sont
1166 2170 1383 2210 detruites.
1455 2168 1511 2209 Je
1547 2166 1655 2207 crois
1690 2168 1816 2207 nean-

351 2242 376 2259 “
397 2236 543 2286 moins,
586 2236 683 2277 sauf
721 2237 909 2278 meilleur
949 2237 1048 2287 avis,
1091 2238 1188 2292 qu'il
1229 2238 1320 2278 faut
1354 2237 1488 2277 1110-
1542 2248 1787 2296 Ἀθη1νοδὼρῳ

419 2310 443 2326 “
471 2304 839 2345 L'anachronisme
879 2310 943 2346 est
984 2320 1081 2346 sans
1122 2307 1249 2347 doute
1291 2306 1483 2346 enorme:
1543 2303 1705 2350 ἐπίκ1λην
1726 2308 1814 2349 ΚΟΡ-

350 2379 374 2396 “
396 2373 675 2415 Athenodore
707 2375 946 2414 surnomme
978 2375 1217 2429 Cordylion,
1246 2378 1487 2428 contempo-
1545 2357 1718 2403 &uptam

350 2446 374 2462 “
395 2441 488 2482 rain
516 2441 568 2481 de
597 2442 733 2483 Gaton
761 2442 979 2496 d’Utique,
1008 2443 1075 2483 n'a
1103 2458 1158 2497 pu
1188 2443 1278 2483 etro
1306 2442 1460 2496 charge
1492 2455 1570 2495 par
1591 2440 1816 2481 Pisistrate

350 2514 374 2531 ‘²
396 2509 447 2550 (10
479 2509 520 2550 la
550 2510 769 2551 redaction
801 2510 1014 2551 definitivo
1044 2511 1117 2551 des
1145 2511 1295 2551 chants
1325 2510 1569 2551 d'Homere.
1633 2508 1746 2549 Mais
1776 2508 1817 2549 la

350 2582 373 2600 “
395 2592 599 2633 personne
622 2578 691 2633 qui
713 2593 738 2619 a
759 2578 960 2620 transcrit
987 2579 1212 2633 l'opusculo
1239 2579 1343 2619 dont
1372 2578 1400 2619 il
1427 2578 1561 2632 sagit,
1584 2592 1650 2618 me
1676 2577 1816 2632 parait

349 2650 373 2668 “
394 2645 511 2687 avoir
543 2648 610 2687 ete
642 2661 698 2687 un
727 2647 835 2688 Grec
867 2648 918 2688 de
948 2647 989 2688 la
1019 2648 1076 2688 fin
1105 2648 1161 2688 (lu
1189 2656 1260 2689 xve
1290 2647 1437 2695 sieclc;
1475 2661 1522 2686 or
1549 2660 1651 2686 vous
1682 2659 1813 2695 savez,

350 2719 373 2737 “
395 2714 618 2765 monsieur,
653 2730 733 2770 que
769 2731 837 2757 ccs
868 2716 1109 2771 Byzantius,
1141 2717 1277 2756 meme
1309 2716 1470 2765 lettres,
1503 2713 1705 2754 n’etoient
1739 2728 1815 2767 pas

350 2787 374 2805 “
396 2783 502 2824 forts
530 2798 581 2824 en
612 2783 786 2825 histoire
816 2784 1033 2825 litteraire.
1096 2784 1229 2825 Noti-c
1258 2784 1417 2838 copistc
1438 2782 1610 2824 voulant
1631 2781 1816 2836 corrigcr

351 2855 375 2874 “
396 2866 453 2892 un
486 2866 676 2907 passage,
711 2852 844 2893 altere
878 2867 975 2893 sans
1011 2853 1138 2894 (loutc
1171 2852 1317 2908 depuis
1350 2852 1587 2907 longtemps
1622 2848 1815 2904 puisqu'il

351 2924 374 2942 ‘⁶
396 2919 530 2961 l'ctoit
552 2920 647 2975 deja
669 2922 693 2960 a
714 2920 902 2976 l'epoquc
924 2922 978 2961 ou
1002 2922 1125 2963 vecut
1145 2921 1183 2962 lc
1205 2920 1428 2962 scholiastc
1447 2920 1499 2960 do
1522 2919 1686 2969 Plauto,
1710 2931 1815 2958 aura

351 2992 374 3009 ‘⁶
396 2989 523 3042 pense
545 2990 569 3029 a
586 2987 863 3030 Athenodoro
883 3002 1008 3043 parce
1030 3003 1109 3043 quc
1130 2989 1168 3030 le
1185 2988 1392 3045 Byzantin
1411 3002 1463 3029 011
1484 2986 1678 3043 question
1698 2985 1813 3028 avoit
