1952 3342
530 604 778 658 INDEX
827 608 1282 662 AUCTORUM.

174 935 313 971 ACRON
335 934 616 986 AgrigentinuS,
640 950 730 989 395,
755 952 816 976 21.

175 988 382 1032 AEschines,
406 1002 495 1037 300,
520 992 578 1027 26.

173 1063 276 1073 ———
299 1047 329 1079 ἐν
349 1048 396 1089 τῷ
409 1047 500 1080 κατὰ
514 1047 688 1093 Τίμαρχον,
706 1056 792 1094 277,
814 1059 873 1084 12.

173 1097 383 1146 AEschylus‚
411 1109 470 1145 19,
497 1110 528 1134 1.
565 1099 653 1143 266,
678 1110 740 1148 25.
780 1112 871 1148 399,

230 1164 291 1199 24.

171 1204 366 1242 AEtherius
387 1204 677 1248 Grammaticus,
701 1216 791 1255 397,
810 1218 870 1244 20.

171 1258 317 1295 Alcaeus
343 1270 429 1303 122,
454 1269 514 1307 27.

170 1312 341 1356 Alcman,
364 1325 426 1360 70,
448 1325 484 1361 9.

169 1365 384 1403 Alexander
412 1365 735 1417 Aphrodisiensis',
774 1367 864 1415 389,

227 1432 246 1455 2
252 1430 289 1468 5.

169 1472 382 1510 Alexander
401 1474 566 1516 AEtolus,
589 1474 625 1516 6,
650 1485 670 1522 5
692 1480 729 1509 et
753 1486 815 1522 23.

169 1527 362 1563 Ammonii
381 1529 600 1576 προλεγόμενα
626 1531 667 1569 εἷς
694 1528 752 1571 τὴν
770 1534 864 1577 φιλο-

223 1584 344 1631 σοφίαν
363 1586 489 1624 wamy,
512 1583 604 1630 389,
631 1593 662 1616 Ι.

294 1635 464 1681 ὑπόμνημα
483 1639 524 1677 εἷς
552 1637 614 1677 τὰς
632 1634 726 1670 πέντε
745 1635 864 1683 φώνας,

223 1689 317 1735 384,
338 1699 377 1735 4·

296 1743 420 1788 σχόλια
442 1745 485 1784 εἷς
502 1745 668 1791 Ἀριστοτ.
689 1743 736 1776 τὰ.
754 1745 866 1789 πρῶτα

222 1799 339 1832 Ἀναλ.
361 1807 454 1843 390,
482 1808 540 1832 11.

169 1868 272 1878 ··-—-
292 1850 359 1897 περῖ
379 1852 568 1885 ὑποθετικῶν
588 1851 816 1896 συλλογισμῶν
831 1851 867 1883 ἐκ

220 1919 253 1939 τ.
273 1904 474 1949 μονοβίβλου,
492 1914 582 1950 390,
608 1911 669 1949 27.

165 1957 420 2006 Anaxagoras,
445 1968 534 2003 244,
562 1967 621 2002 14.

165 2010 450 2046 Andromachus
481 2008 658 2051 medicus,
686 2020 776 2056 394,
798 2021 862 2057 34.

220 2075 271 2112 39
277 2074 312 2111 5,
340 2075 371 2099 1.
392 2070 429 2100 et
451 2072 484 2110 7.

164 2116 352 2167 Anonymi
373 2118 439 2165 περὶ
458 2119 672 2163 Ἱππομάχου,
701 2116 786 2165 165.

343 2172 410 2219 περὶ
432 2173 568 2218 Γυάρων,
595 2180 681 2218 179,
706 2171 767 2208 26.

344 2236 467 2261 versus
479 2225 545 2272 περὶ
561 2224 757 2271 ἐπιστήμων,
771 2224 861 2272 387,

220 2289 282 2314 22.

162 2330 374 2381 Antigonus
417 2332 620 2381 Carystius,
663 2343 753 2380 319,
798 2343 858 2379 13.

218 2397 309 2433 392,
335 2397 394 2421 11.

162 2438 421 2481 Antimachus,
444 2438 535 2485 306,
565 2449 622 2473 12.

161 2491 386 2541 Apollonius
407 2490 697 2534 Grammaticus,
722 2502 757 2539 7,
784 2504 817 2528 2.

161 2544 356 2593 Aphrodas
377 2544 555 2585 medicus,
578 2555 668 2593 395,
693 2557 726 2581 2.

161 2596 413 2646 Aphthonius,
436 2597 501 2646 56,
527 2609 587 2633 22.

287 2655 319 2687 ἐν
335 2655 380 2697 τῷ
393 2653 501 2696 βίβλῳ
523 2655 584 2686 τῶν
600 2654 857 2699 προγυμνασμά-

216 2721 289 2746 των,
315 2703 402 2748 268,
427 2716 487 2740 20.

160 2756 371 2807 Apolinarls
403 2760 615 2807 μετάφρασις
640 2762 694 2793 τῡῧ
724 2761 860 2801 ψαλτη-

213 2813 288 2859 ρίου»
311 2822 401 2859 393,
427 2821 485 2859 25-

159 2863 380 2913 Apollonius
399 2868 453 2899 τοῦ
471 2865 659 2912 Ἡροφίλου,
682 2873 771 2912 395,
801 2876 857 2900 10.

160 2917 295 2954 Aratus
315 2917 509 2954 Phaenom.
535 2927 622 2966 295,
650 2929 708 2966 19.

931 941 1158 991 Archigenes
1189 943 1366 987 medicus,
1390 957 1479 994 394,
1505 947 1565 983 26.
1590 956 1627 983 ct

985 1006 1046 1042 35·
1071 1007 1160 1043 395,
1183 1008 1241 1032 ¹¹·

930 1049 1121 1098 Archytas,
1145 1051 1234 1096 318,
1255 1063 1315 1098 27.

928 1102 1181 1151 Argyropulus
1210 1106 1319 1146 λύσεις
1336 1109 1467 1154 ἀποριῶν
1487 1108 1542 1143 καὶ
1569 1111 1626 1154 ζη-

982 1159 1147 1202 τημάτων,
1166 1167 1257 1202 391,
1281 1169 1344 1206 33.

927 1208 1161 1244 Aristarchus
1190 1210 1479 1257 Grammaticus,
1501 1214 1538 1257 6,
1562 1226 1624 1261 24.

981 1272 1072 1309 315,
1099 1275 1129 1297 1.
1161 1263 1251 1309 361,
1280 1276 1321 1311 13
1346 1274 1383 1301 et
1408 1278 1465 1314 15.

927 1313 1129 1352 Aristocles
1151 1317 1330 1359 medicus,
1353 1329 1444 1367 395,
1467 1329 1504 1366 5.

923 1367 1153 1406 Aristonicus
1179 1373 1212 1404 ἐν
1231 1377 1278 1416 τῷ
1304 1373 1329 1416 β
1347 1374 1414 1419 περὶ
1438 1373 1623 1417 διαλέκτων,

978 1433 1069 1468 397,
1092 1433 1158 1468 30·

922 1474 1193 1524 Aristophanes
1225 1477 1415 1520 Comicus,
1451 1490 1482 1522 1,
1518 1491 1550 1515 2.
1584 1493 1620 1527 4,

981 1529 1040 1564 16.
1073 1539 1109 1577 5,
1133 1529 1192 1565 16.
1226 1541 1346 1578 7,19.
1382 1544 1442 1582 19,
1464 1545 1524 1581 17.
1555 1534 1619 1578 61,

981 1594 1039 1629 19.
1073 1592 1194 1630 79,1.
1229 1596 1321 1633 397,
1350 1598 1409 1633 14.
1439 1598 1532 1632 401,
1560 1600 1619 1630 11,

983 1636 1026 1671 18
1047 1644 1084 1672 et
1108 1646 1167 1684 25.

921 1687 1154 1731 Aristoteles,
1188 1701 1222 1737 7,
1254 1700 1290 1738 5.
1327 1691 1356 1736 (ὃ
1392 1694 1617 1741 Σταγειρόθεν)

980 1743 1066 1785 106,
1094 1755 1152 1789 14.
1191 1754 1275 1791 171,
1301 1756 1348 1780 20
1369 1753 1408 1781 et
1431 1757 1492 1794 25.
1525 1758 1616 1796 317,

983 1808 1041 1832 12.
1075 1808 1165 1845 329,
1192 1810 1223 1833 2.
1256 1808 1345 1846 335,
1368 1809 1402 1846 5.
1438 1810 1529 1848 337,
1554 1803 1616 1837 26.

977 1850 1068 1896 338,
1096 1862 1133 1898 9-
1176 1862 1265 1899 3452
1298 1863 1318 1898 3
1351 1860 1390 1888 et
1422 1854 1480 1889 16·
1524 1854 1615 1901 346,

980 1914 1040 1939 22.

1047 1961 1079 1993 ἐν
1115 1962 1161 2004 τῷ
1196 1959 1264 2006 περὶ
1299 1961 1493 2007 Ἑρμηνειάς,
1528 1962 1616 2008 246,

982 2022 1037 2057 13.

1044 2068 1076 2100 ἐν
1090 2069 1136 2111 τῷ·
1150 2069 1211 2100 τῶν
1226 2065 1372 2113 δευτέρων
1386 2068 1614 2112 Ἀναλυτικῶν,

977 2117 1065 2164 248,
1090 2129 1147 2166 17.

917 2190 1023 2199 —-
1039 2175 1071 2207 ἐν
1091 2176 1136 2218 τῷ
1155 2173 1285 2219 δευτέρῳ
1305 2173 1371 2221 περὶ
1387 2174 1542 2220 γενέσεως
1559 2176 1616 2210 καὶ

972 2227 1104 2273 φθορᾶς,
1128 2235 1218 2272 325,
1244 2236 1278 2260 2.

1043 2282 1075 2314 ἐν
1093 2285 1141 2323 τῷ
1153 2279 1220 2326 περὶ
1235 2282 1297 2313 τῶν
1316 2280 1473 2327 ἀγράφων
1490 2282 1616 2327 δογμά-

969 2347 1031 2366 των
1049 2334 1234 2374 Πλάτωνος,
1258 2331 1348 2378 387,
1371 2343 1434 2378 32.

1040 2386 1110 2432 πρὸς
1127 2386 1346 2432 Ἀντίπατρον,
1369 2396 1459 2433 399,
1485 2397 1545 2433 23.

915 2436 1155 2474 Aristoxenus
1178 2439 1241 2486 56,
1267 2450 1327 2474 22.
1364 2449 1450 2486 172,
1473 2451 1509 2487 3.

915 2491 1156 2542 Asclepiades
1187 2490 1367 2534 medicus,
1400 2504 1490 2541 395,
1521 2505 1540 2541 5
1577 2503 1614 2530 et

972 2555 1033 2593 25.

915 2598 1131 2641 Afflenaeus,
1154 2598 1243 2646 396,
1265 2609 1300 2646 5.

915 2651 1179 2689 Athenodorus
1199 2651 1415 2700 Cordylion,
1447 2652 1501 2695 16,
1520 2665 1583 2700 30.

916 2705 1105 2754 Augustus
1136 2705 1260 2740 Caesar
1286 2703 1436 2750 Ajacem
1467 2706 1612 2755 Sopho-

970 2757 1035 2794 clis
1084 2757 1222 2794 Latino
1270 2770 1440 2793 sermone
1487 2758 1610 2802 vertit,

970 2822 1061 2859 329,
1086 2812 1121 2848 8·

916 2863 1085 2901 Aurelius
1116 2864 1283 2900 medicus
1314 2864 1487 2911 Αέρῖλλιος,
1519 2877 1609 2914 394,

974 2918 1034 2953 28.
