1952 3342
612 216 1094 259 ANNOTATIONES.
1507 218 1560 257 15

94 326 248 380 ambs)
280 324 527 368 ‘Enamxbe'
547 325 669 377 (Cod.
703 325 878 379 ἐλαϊκὸς)
913 326 975 366 καὶ
1009 323 1282 373 Ἀκουσίλαος,
1306 323 1484 376 Ἔφορός
1513 341 1555 365 τε

94 397 156 437 καὶ
178 396 388 437 Νικόλαος.
422 393 483 435 Of.
507 393 681 435 Cedren.
703 408 743 448 p.
767 407 781 433 1
796 407 829 434 1.
853 393 922 448 qui
944 393 1072 434 etiam
1093 397 1311 433 mutuatus
1331 396 1396 432 est
1417 392 1557 433 omnia

94 478 186 518 quae
204 467 351 503 narrat
373 462 424 502 de
441 462 607 511 Perseo,
618 462 777 503 Cadmo
793 466 836 502 ot
853 462 942 515 ejus
959 461 1083 502 Natis
1104 461 1174 501 ubi
1196 460 1325 501 etiam
1342 460 1556 515 Euripidis

94 530 310 584 Antiopen
330 530 489 571 laudat.
541 531 561 570 6
591 531 664 581 μὲν
687 530 896 582 Εὐριπίδης
916 531 969 584 τῷ
993 529 1073 570 ἔθει
1098 533 1175 569 τῶν
1198 532 1369 579 ποιητῶν
1389 532 1557 580 μυθολο-

94 603 175 652 γῶν
210 598 279 639 τὸν
318 599 398 638 Δία
437 598 561 650 φησὶν
598 599 652 639 εἷς
687 597 858 649 σάτυρον
898 597 1203 648 μεταβληθέντα
1237 596 1308 647 τὴν
1344 596 1557 648 Ἀντιόπην

95 670 253 719 φθεῖραι
288 666 454 719 (φθῆραι
486 665 628 720 Ood.),
666 667 706 716 ἐξ
741 665 785 716 ἧς
819 667 839 705 ὁ
879 664 1062 718 Ἀμφίων
1098 666 1159 705 καὶ
1196 667 1216 705 ὁ
1251 668 1378 716 Ζῆθος
1415 665 1558 718 (ζήθων

95 733 218 787 Ood.)
243 735 279 774 οἱ
299 735 492 785 μουσικοί.
517 751 548 774 κ.
572 751 605 774 τ.
630 739 668 773 λ.
717 734 894 775 Cedren.
918 749 958 789 p.
984 745 1050 788 25.
1080 734 1162 774 His
1193 734 1385 775 omnibus
1415 739 1558 775 autem

94 801 324 842 Annalium
356 802 629 856 scriptoribus
660 802 771 843 idem
802 804 926 844 eredo
957 803 1036 844 fuit
1067 803 1172 853 fons,
1200 818 1349 858 nempe
1378 803 1408 843 J
1413 802 1559 844 oannis

95 869 351 910 Antiocheni
373 870 620 921 Chronicon,
644 871 761 925 eujus
782 871 1019 927 fragmenta
1040 871 1173 912 multa
1193 871 1322 912 habet
1344 871 1495 912 Suidas
1517 875 1560 912 et

94 938 216 993 plura
246 938 375 979 etiam
406 938 538 979 edidit
560 939 756 980 Valesius
777 939 819 979 in
841 940 946 980 Exo.
972 940 1192 981 Constant.
1217 940 1423 994 Porphyr.
1477 939 1561 980 Sed

95 1010 156 1056 ut,
179 1021 272 1061 quae
294 1007 345 1046 de
366 1007 585 1048 Demetrio
603 1007 724 1048 Phal.
747 1022 874 1062 supra
895 1008 994 1058 dixi,
1017 1008 1244 1056 absolvam,
1266 1008 1424 1048 notabo
1446 1007 1561 1047 illum

95 1079 244 1129 postea
266 1074 498 1115 Ptolemaeo
519 1074 787 1129 displicuisse,
811 1080 854 1116 et
880 1075 922 1115 in
951 1090 1161 1116 carcerem
1182 1075 1311 1115 etiam
1341 1075 1395 1115 ab
1423 1090 1472 1116 eo
1502 1075 1562 1115 in-

91 1142 253 1197 J'eetum
274 1157 375 1183 esse.
405 1141 529 1197 Diog.
549 1142 691 1183 Laert.
713 1158 749 1184 v.
770 1144 836 1196 78.
866 1143 950 1185 Cic.
973 1158 1062 1198 pro.
1086 1143 1230 1184 Rabir.
1255 1143 1446 1184 Postum.
1469 1158 1503 1185 e.
1522 1156 1561 1198 9.

97 1211 211 1266 apud
228 1210 397 1253 Clinton
412 1210 531 1252 Fast.
547 1210 713 1251 Hellen.
733 1211 817 1252 An.
836 1211 885 1252 Β.
901 1212 946 1253 O.
964 1212 1058 1267 283.
1076 1227 1116 1266 p.
1136 1212 1228 1265 185.
1255 1211 1404 1252 Potuit
1420 1216 1563 1252 autem

96 1278 199 1329 fieri,
229 1283 278 1320 ut
314 1278 533 1319 concilium
569 1279 620 1320 de
655 1279 873 1320 moliendis
909 1279 1180 1321 Alexandriae
1213 1279 1484 1321 Bibliotheeis
1520 1285 1564 1322 et

99 1348 262 1397 Museo,
281 1347 383 1402 jam,
406 1352 610 1403 regnante
633 1347 864 1389 Ptolemaeo
887 1348 1048 1398 Sotere,
1078 1348 1288 1403 agitatum
1309 1348 1447 1399 fuerit,
1470 1363 1565 1389 eum

98 1416 341 1457 Demetrius
361 1431 515 1472 magno
536 1417 650 1471 apud
671 1431 766 1457 eum
787 1416 928 1457 favore
949 1416 1134 1472 vigeret;
1166 1420 1208 1457 et
1230 1417 1464 1457 notandum
1486 1422 1562 1467 est,

99 1484 423 1540 Philadelphum
443 1499 519 1539 per
539 1485 644 1525 duos
664 1499 797 1525 annos
817 1499 843 1525 a
864 1489 985 1539 patre
1014 1484 1056 1524 in
1077 1498 1206 1539 regno
1234 1484 1439 1525 sociatum
1461 1500 1564 1526 esse.

99 1552 281 1595 Olinton.
306 1553 426 1594 Fast.
451 1553 616 1594 Hellen.
639 1558 670 1594 t.
690 1553 750 1593 ΙΙ.
772 1568 811 1608 p.
829 1565 927 1608 379.

159 1621 230 1676 (d)
264 1621 486 1676 Duplicem
515 1621 642 1662 fuisse
673 1621 979 1662 Bibliotheeam
1010 1620 1194 1661 affirmat
1224 1620 1353 1662 etiam
1381 1620 1566 1675 Epipha-

99 1689 193 1730 nius
222 1690 274 1731 de
302 1689 485 1731 Ponder.
509 1689 567 1731 Π.
596 1705 637 1745 p.
665 1690 755 1731 168.
779 1690 829 1731 B.
871 1691 991 1733 οὕτως
1022 1691 1062 1730 αἱ
1092 1691 1234 1740 βίβλοι
1267 1691 1321 1732 εἷς
1349 1688 1567 1741 Ἑλληνίδα

102 1759 320 1799 ἐκτεθεῖσαι
342 1758 594 1808 ἀπετέθησαν
616 1759 659 1799 ἐν
679 1760 724 1814 τῇ
752 1759 884 1814 πρώτῃ
912 1758 1152 1841 βιβλιοθήκῃ
1180 1761 1225 1814 τῇ
1252 1759 1296 1799 ἐν
1315 1759 1367 1813 τῷ
1390 1761 1566 1813 Βρουχίῳ

102 1826 414 1877 οἰκοδομηθείσῃ·
450 1826 506 1866 ἔτι
531 1827 616 1866 δὲ
594 1843 761 1878 υστερον
783 1828 845 1867 καὶ
872 1826 987 1878 ἑτέρα
1008 1825 1167 1878 ἐγένετο
1189 1826 1429 1877 βιβλιοθήκη
1452 1828 1495 1866 ἐν
1515 1829 1567 1882 τῷ

103 1894 283 1948 Σεραπίῳ
310 1892 519 1946 μικροτέρα
539 1895 607 1944 τῆς
627 1895 790 1946 πρώτης,
812 1894 895 1944 ἥτις
922 1911 984 1934 και
1012 1893 1182 1946 θυγάτηρ
1206 1893 1416 1945 ὠνομάσθη
1439 1895 1566 1945 αὐτης·

104 1963 148 2002 ἐν
176 1960 198 2013 ᾑ
230 1961 480 2012 ἀπετέθησαν
509 1963 549 2002 αἱ
578 1964 647 2002 τοῦ
675 1960 842 2011 Ἀκύλα,
873 1962 934 2002 καὶ
962 1961 1175 2015 Συμμάχου
1207 1962 1269 2002 καὶ
1298 1963 1569 2006 Θεοδοτίωνος

104 2031 168 2071 καὶ
205 2034 283 2070 τῶν
317 2033 468 2070 λοιπῶν
504 2030 715 2081 ἑρμηνεῖαι,
755 2032 853 2081 μετὰ
889 2029 1166 2070 διακοσιοστὸν
1203 2031 1266 2070 καὶ
1301 2029 1569 2081 πεντηκοστὸν

105 2098 203 2142 ἔτος.
264 2097 425 2138 Plurali
445 2111 618 2138 numero
640 2097 769 2138 etiam
790 2097 1025 2138 Athenaeus
1048 2096 1102 2138 V.
1124 2112 1165 2152 p.
1190 2110 1285 2152 203.
1308 2097 1359 2138 E.
1405 2098 1505 2150 Περὶ
1527 2098 1569 2138 δὲ

103 2168 280 2219 βιβλίων
299 2166 475 2218 πλήθους
496 2167 558 2207 καὶ
578 2169 850 2218 βιβλιοθηκῶν
871 2168 1121 2216 κατασκευῆς,
1146 2166 1208 2206 καὶ
1235 2169 1301 2217 τῆς
1322 2167 1377 2208 εἷς
1401 2165 1445 2205 τὸ
1473 2183 1569 2217 μου-

106 2240 217 2277 σεῖον
234 2238 477 2288 συναγωγῆς,
496 2236 536 2276 τί
554 2239 615 2277 δεῖ
634 2236 697 2276 καὶ
717 2235 1141 2290 λέγειν.--Μει]οιόῐῃ
1156 2239 1300 2276 autem
1315 2234 1442 2275 fuisse
1458 2234 1571 2276 intra

104 2303 276 2359 regiam,
299 2308 342 2344 et
363 2318 463 2359 ergo
484 2318 579 2344 eum
599 2318 743 2345 museo
765 2304 1044 2359 conjunctam,
1067 2308 1189 2358 patet
1216 2318 1268 2344 ex
1294 2307 1455 2344 nostro.
1507 2303 1570 2345 Of.

106 2386 199 2427 quae
221 2372 273 2412 de
297 2372 362 2412 his
383 2372 615 2428 disputavit
637 2373 838 2428 Parthey,
861 2373 937 2414 das
958 2371 1337 2414 Alexandrinisohe
1361 2371 1570 2422 Museum,

106 2439 262 2490 Berlin,
293 2440 385 2481 8vo.
411 2441 536 2495 1838.

167 2508 225 2563 (e)
256 2508 363 2549 Haee
394 2508 516 2549 simul
543 2509 704 2550 faciunt
724 2509 935 2552 volumina
954 2519 1141 2565 532000.
1168 2509 1238 2564 qui
1263 2523 1459 2549 numerus
1486 2509 1572 2550 fere

107 2590 203 2617 eum
232 2575 410 2631 Josephi
439 2577 675 2618 rationibus
705 2578 911 2633 congruit.
972 2578 1109 2619 Aulus
1139 2582 1284 2619 autem
1310 2577 1468 2618 Gellius
1491 2577 1571 2618 VI.

113 2655 177 2698 17.
199 2649 243 2686 et
264 2644 515 2686 Ammianus
539 2645 674 2687 Mare.
699 2646 818 2701 (xxii.
846 2647 930 2699 16.)
955 2646 1223 2701 septingenta
1243 2645 1372 2686 millia
1399 2645 1456 2686 ibi
1478 2660 1572 2686 eon-

109 2717 278 2754 servata
298 2727 388 2754 esse
403 2713 640 2755 affirmant:
665 2714 717 2754 de
733 2713 797 2754 his
818 2719 974 2763 autem,
989 2719 1038 2755 ut
1054 2719 1097 2755 et
1113 2714 1165 2754 de
1185 2728 1336 2769 genere
1356 2713 1570 2764 librorum,

110 2795 215 2835 quos
249 2786 394 2823 noster
426 2783 578 2836 ἀμιγεῖς
607 2787 651 2823 et
684 2786 890 2836 συμμιγεῖς
923 2787 1058 2831 vocat,
1091 2782 1261 2822 omnino
1296 2782 1572 2822 consulendus

111 2849 288 2890 Ritsehl.
305 2850 349 2891 in
368 2850 481 2891 laud.
497 2851 712 2891 dissertat.
729 2865 769 2905 p.
786 2863 853 2893 21.
872 2854 915 2891 et
932 2865 1046 2904 seqq.
1064 2854 1108 2891 et
1125 2850 1326 2904 Parthey.
1342 2849 1570 2890 Alexandr.

113 2917 226 2959 Mus.
249 2933 291 2972 p.
311 2919 381 2973 65.
404 2923 448 2960 et
464 2933 580 2973 seqq.
616 2919 826 2973 Majorem
847 2918 1153 2960 Bibliotheeam
1174 2922 1323 2972 postea
1343 2921 1573 2958 crematam

112 2999 202 3027 esse
217 2985 352 3041 primo
364 2986 653 3029 Alexandrino
667 2986 787 3037 bello,
798 2990 1076 3029 narraverunt
1090 2984 1403 3027 Plutarch.Vit.
1415 2983 1571 3026 Oaesar.
