1952 3342
322 188 400 225 410

324 296 433 333 Plato
472 296 648 334 Comicus
689 309 725 344 4,
775 309 832 346 17.
884 309 919 346 7,
967 311 1023 347 19.

386 350 471 398 167,
498 361 557 399 15.

326 403 432 440 Plato
449 403 707 453 Philosophus,
731 404 817 452 189,
842 416 899 441 12.
936 417 1023 454 192,

379 469 443 505 30.
489 469 577 504 230,
603 470 663 494 20.
710 458 797 506 236,
822 470 885 506 23.
933 470 1022 505 240,

384 521 442 558 15.
489 522 661 559 295,15.
706 512 797 558 326,
822 523 884 548 20.
930 524 1021 561 335,

377 576 415 610 4.
447 565 538 610 328,
563 574 623 612 25.
655 576 746 612 329,
769 565 806 602 6.
844 577 934 613 330,
957 578 1021 613 31.

379 627 468 665 351,
495 629 526 652 1.
549 625 587 653 et
610 630 669 654 21.
714 619 807 666 338,
833 631 893 655 10.
931 631 1022 667 340,

323 743 427 750 ·—
447 727 478 759 ἐν
499 729 561 766 τοῖς
589 729 644 760 τοῦ
668 728 830 762 Ἐλεάτου
857 724 944 768 ξένου
967 727 1021 763 λό-

375 792 452 823 Ὑως»
476 788 565 825 347>
594 788 652 826 17·

320 851 427 858 —
446 835 478 866 ἐν
498 832 626 877 Νόμοις,
652 833 741 880 287,
766 832 826 868 26.

324 902 422 909 --—
448 888 480 920 ἐν
516 892 564 930 τῷ
607 886 746 933 διαλόγῳ
784 891 839 922 τοῦ
875 889 1021 930 Λύσιδος,

377 938 467 984 306,
496 950 554 974 11.

444 992 507 1027 ἀπὸ
529 997 582 1027 τοῦ
602 992 794 1038 Συμποσίου,
818 1005 908 1041 312,
936 1006 968 1031 l.

320 1064 427 1073 ——
445 1049 477 1080 ἐν
497 1050 542 1091 τῷ
560 1048 699 1093 Τιμαίῳ,
721 1057 812 1094 347,
836 1057 895 1096 15.
928 1058 1019 1096 351,

381 1110 437 1144 14.
460 1106 497 1134 et
520 1110 582 1146 27.

320 1170 417 1178 -—-—
445 1156 477 1188 ἐν
496 1157 542 1199 τῷ
562 1153 777 1201 Πρωταγᾶρᾳ,
803 1166 893 1203 291.

320 1223 423 1232 ——
446 1210 478 1242 ἐν
498 1208 649 1249 Φαίδωνι,
674 1219 764 1254 313,
792 1220 849 1255 14.

320 1277 424 1286 —
445 1263 477 1295 ἐν
498 1267 544 1305 τῷ
563 1262 810 1310 Φαίδρῳ,314,
834 1274 895 1299 21.
926 1270 1017 1309 317,

374 1325 437 1360 33·
470 1324 561 1361 3452
590 1326 622 1350 1·

447 1370 478 1402 ἐν
497 1375 544 1413 τῷ
563 1368 706 1413 Φιλήβῳ,
729 1379 820 1417 347,
848 1381 905 1417 19.

320 1419 553 1462 Plutarchus,
578 1433 612 1468 7,
634 1433 671 1468 4.

444 1478 475 1510 ἐν
494 1479 540 1520 τῷ
559 1480 612 1510 τοῦ
641 1481 775 1518 Σολωνος
801 1476 1017 1524 παραλλήλῳ,

375 1527 464 1575 287,
488 1538 523 1575 5.

443 1585 474 1616 ἐν
502 1586 547 1627 τῷ
575 1585 636 1616 τῶν
655 1584 674 1626 ζ
696 1586 804 1631 σοφῶν
832 1585 1016 1630 Συμποσίῳ,

374 1635 462 1681 287,
489 1645 522 1681 7.
556 1635 643 1682 287,
669 1635 730 1671 26.
765 1635 853 1682 316,
876 1647 940 1683 30.

315 1686 441 1728 Polus,
468 1697 556 1735 252,
582 1699 641 1735 17.

318 1740 554 1790 Porphyrius,
579 1752 613 1789 7,
636 1754 673 1788 4.
708 1754 799 1790 330,
826 1754 887 1791 27.
923 1755 1014 1791 342,

370 1806 434 1841 31.
466 1807 555 1843 390,
584 1802 642 1842 14.

314 1848 555 1898 Praxagoras,
578 1859 668 1898 395,
695 1861 755 1896 24.

313 1900 484 1946 Procius,
509 1913 544 1950 7,
568 1914 606 1949 4.
638 1914 728 1951 347,
754 1915 814 1939 21.
847 1905 1014 1952 εἰσαγωγὴ

368 1955 459 2003 389,
484 1967 520 2004 5·

437 2013 469 2044 ἐν
503 2012 699 2046 ι’ποτυπῶσει
743 2012 800 2054 τῆς
842 2013 1017 2054 Πλάτωνος

368 2065 498 2112 σοφίας,
521 2065 612 2110 318,
634 2075 670 2109 4.

407 2138 417 2142 -
438 2120 469 2152 ἐν
490 2122 553 2159 τοῖς
578 2119 769 2166 κεφαλαίοις
789 2121 898 2160 αὐτοῦ,
922 2130 1013 2167 345,

376 2182 435 2206 IO-

436 2227 468 2259 ἐν
487 2228 550 2265 τοῖς
570 2222 766 2271 ἐξηγητικοῖς
788 2228 853 2267 τοῖς
871 2227 939 2274 περὶ
960 2227 1014 2262 τον

365 2278 500 2324 Τίμαιον
520 2277 633 2325 λόγοις,
658 2289 749 2326 351,
775 2290 836 2315 20.

437 2333 450 2366 ὅ
469 2331 576 2377 μέγας
595 2332 782 2381 φιλόσοφος,
805 2343 896 2379 390,
923 2343 983 2380 25.

310 2383 530 2433 Protagoras
551 2388 582 2419 ἐν
601 2391 650 2429 τῷ
672 2386 915 2433 ἐπιγραφομένῳ
952 2402 1012 2432 με·

363 2439 458 2483 «μίλῳ
479 2437 574 2483 λόγῳ,
603 2448 689 2484 171,
711 2450 774 2484 40.
810 2448 896 2485 173,
923 2448 957 2485 7,

312 2489 455 2526 Psellus
479 2490 516 2525 111
540 2490 808 2534 Geometriam,
831 2492 922 2538 388,
944 2503 1009 2539 30.

310 2543 536 2579 Ptolemaeus
555 2543 782 2587 Ascalonita,
808 2556 842 2592 7,
865 2557 901 2592 3.

310 2597 551 2647 Pythagoras,
585 2607 677 2645 315,
710 2608 771 2645 35.
823 2598 913 2645 318,
948 2611 1008 2645 27.

365 2661 454 2698 319,
481 2661 540 2698 25.

309 2702 549 2752 Pythagorei,
599 2717 684 2752 172,
725 2717 762 2752 3.
819 2705 902 2753 189,
946 2718 1008 2753 24.

366 2758 452 2804 236,
488 2759 547 2794 26.
592 2768 682 2806 315,
717 2770 778 2805 24.
826 2770 916 2805 320,
951 2772 1008 2807 13.

364 2822 454 2857 332,
483 2823 542 2848 11.

306 2863 468 2912 Pythias,
492 2876 582 2912 394,
604 2877 666 2912 31.

306 2917 470 2966 Sappho,
511 2918 574 2965 63,
618 2920 653 2955 6.
702 2918 781 2967 ejus
830 2920 1009 2956 Carmina

796 191 969 227 INDEX
1003 189 1318 228 AUCTORUM.

1134 299 1286 335 Tzetzis
1324 310 1401 335 aevo
1434 296 1587 348 periere,
1620 298 1684 347 63,
1717 311 1782 335 21-

1139 352 1226 395 266,
1252 361 1313 400 25.

1081 404 1234 442 Scholia
1253 405 1288 441 111
1311 404 1533 447 Lucianum,
1556 406 1646 453 398,
1674 418 1705 442 1.

1318 458 1532 501 Platonem,
1554 471 1645 508 399,
1668 471 1732 507 32.

1081 510 1251 562 Serapias
1272 511 1558 555 Alexandrinus,
1581 524 1672 560 395,
1697 525 1759 550 21.

1081 564 1275 614 Serapion,
1296 576 1387 613 373,
1414 566 1474 602 26.

1081 620 1270 655 Serxestas
1293 617 1508 668 (Σερξέστας)
1533 618 1779 668 Apollonien-

1133 671 1196 713 sis,
1219 684 1310 721 395,
1335 685 1395 709 22.

1079 725 1297 762 Severianus
1310 725 1538 762 Gabalorum
1552 725 1778 775 Episcopus,

1133 778 1224 826 366,
1249 779 1311 816 26.
1354 781 1422 828 περὶ
1441 780 1529 824 ἡλίου
1555 780 1611 815 καὶ
1631 780 1777 825 σελήνης,

1134 844 1224 880 39¹,
1251 844 1310 881 I7·

1080 885 1229 935 Sibyllae
1248 887 1390 930 decem,
1414 898 1460 934 33
1471 898 1639 934 2-334.

1079 938 1227 989 Sibyllae
1264 940 1432 976 Hebraeae
1461 953 1589 976 versus
1620 940 1666 976 de
1696 941 1776 976 Au-

1133 992 1269 1030 tiochia
1288 1002 1326 1030 et
1346 994 1482 1043 Cypro,
1507 1005 1597 1041 334.

1078 1045 1256 1083 Simmias
1279 1047 1462 1090 Rhodius,
1485 1047 1548 1095 65,
1574 1057 1635 1095 25.

1079 1099 1305 1145 Simonides,
1342 1100 1427 1144 166,
1460 1113 1545 1149 194,
1578 1112 1640 1147 24.
1686 1100 1774 1147 264,

1135 1155 1193 1190 28.
1226 1154 1315 1202 267,
1340 1155 1400 1191 26.
1429 1155 1519 1201 388,
1543 1166 1601 1201 14.
1631 1155 1695 1190 ἀπὸ
1715 1159 1776 1190 τῶν

1129 1213 1266 1243 Σκολιῶν
1285 1213 1378 1250 ἐπῶν,
1402 1220 1491 1256 291.

1078 1260 1306 1311 Simplicius,
1331 1262 1420 1309 387,
1445 1273 1506 1310 29.

1076 1314 1259 1357 Socrates,
1312 1328 1400 1363 213,
1447 1327 1509 1364 27.

1133 1368 1221 1416 267,
1244 1380 1280 1416 9.
1313 1370 1401 1417 285,
1426 1368 1459 1405 8.
1481 1377 1519 1406 et
1541 1381 1601 1416 24.

1075 1421 1204 1465 Solon,
1242 1422 1331 1464 286,
1367 1435 1429 1470 33.
1477 1423 1669 1471 ἡρωελεγεῒα
1705 1423 1775 1471 πρὶς

1127 1473 1318 1522 περίστασιν
1334 1477 1472 1520 ἦλικιῶν,
1494 1477 1559 1522 46.

1075 1527 1295 1576 Sophocles,
1332 1542 1390 1577 19,
1433 1541 1491 1565 11.
1523 1537 1561 1566 et
1603 1529 1663 1566 16.
1699 1538 1773 1566 tac.

1130 1594 1232 1618 110111.
1252 1581 1416 1630 (Αἴαντι),
1438 1595 1524 1631 293,
1541 1595 1559 1631 3
1573 1595 1604 1619 1.

1076 1656 1175 1662 --
1198 1636 1377 1684 Ἤλέκτρᾳ,
1402 1646 1436 1683 7,
1461 1648 1522 1684 27.

1199 1691 1395 1738 Φιλοκτήτῃ,
1421 1691 1506 1733 216,
1528 1702 1591 1739 31.

1198 1746 1229 1778 ἐν
1266 1743 1443 1789 Ἀχιλλέως
1479 1748 1648 1792 ἐρασταῖς,
1679 1745 1770 1794 396,

1572 1327 1660 1362 242,
1713 1327 1772 1363 27.

1129 1808 1190 1844 25.

1073 1849 1247 1891 Soranus,
1271 1860 1363 1898 395,
1386 1862 1421 1899 9.
1444 1859 1481 1888 et
1500 1863 1559 1900 27.

1072 1904 1217 1946 Sotion,
1241 1916 1332 1952 391,
1360 1916 1419 1952 19.

1073 1957 1314 2007 Speusippus,
1339 1969 1427 2006 219,
1455 1958 1513 1995 16.

1072 2010 1244 2047 Stasimus
1265 2015 1300 2047 ἐκ
1320 2016 1381 2046 τῶν
1402 2013 1553 2060 Κυπρίων,
1576 2023 1667 2060 399,
1689 2023 1752 2060 33.

1072 2064 1274 2100 Stesichori
1297 2073 1469 2108 metrum,
1491 2078 1554 2114 97,
1574 2076 1637 2113 27.

1072 2117 1200 2160 Stoici,
1229 2131 1313 2163 121,
1339 2128 1399 2167 25.
1447 2131 1538 2167 244,
1571 2132 1632 2155 10.
1681 2119 1769 2166 246,

1132 2183 1189 2219 13.

1071 2224 1194 2261 Suidae
1217 2225 1397 2268 Lexicon,
1419 2236 1505 2273 272,
1532 2239 1592 2263 21.

1071 2279 1260 2322 Susarion,
1286 2292 1319 2323 1,
1345 2292 1404 2316 22.
1437 2292 1473 2327 5,
1496 2293 1533 2328 9.

1070 2331 1260 2381 8111011113,
1283 2345 1372 2381 390,
1391 2347 1427 2382 9,
1450 2343 1487 2369 et
1516 2346 1572 2370 10.

1068 2386 1259 2422 Tarratius
1316 2386 1623 2432 Mathematicus,
1677 2399 1767 2435 314,

1130 2439 1187 2475 16.

1067 2492 1298 2541 Terpander,
1322 2494 1384 2541 56,
1413 2505 1472 2529 11.

1067 2545 1301 2583 Theodectes
1359 2547 1533 2597 tragicus,

1125 2611 1212 2647 243,
1242 2611 1297 2649 15.

1066 2653 1286 2690 Theodorus
1334 2658 1367 2689 ἐν
1413 2661 1455 2702 τῇ
1500 2659 1656 2704 ἐπιστολῇ
1696 2656 1767 2703 πρὸς

1121 2712 1290 2756 Θεοφιλον,
1313 2708 1403 2755 382,
1431 2719 1490 2743 20·

1066 2760 1271 2810 Theognis,
1290 2762 1353 2801 62,
1379 2774 1441 2798 21.
1476 2772 1564 2809 229,
1588 2773 1624 2808 3.

1064 2814 1360 2864 Theophrastus
1388 2826 1472 2862 174,
1498 2827 1557 2851 20.
1589 2824 1679 2862 317,
1703 2825 1762 2863 15.

1190 2871 1221 2904 ἐν
1241 2873 1304 2910 τοῖς
1321 2869 1388 2916 ‘rupi
1403 2870 1493 2913 ἠθῶν,
1522 2880 1608 2917 194,
1633 2880 1695 2915 24.

1063 2921 1332 2971 Theopompus
1354 2921 1564 2964 historicus,
1588 2933 1646 2969 14,
1673 2921 1734 2958 28.

1595 2559 1653 2594 14,
1701 2559 1765 2595 30.
