1952 3342
451 451 1241 504 ANNOTATIONES.

702 616 989 646 -...,,-.-

114 737 179 790 (a)
207 736 474 810 INSIGNE
506 737 585 778 hoc
617 738 861 792 opusculum
889 738 1172 792 suppeditavit
1201 737 1301 777 mihi
1324 737 1427 778 Ood.
1454 738 1576 790 2677.

281 805 350 858 qui
372 805 433 845 ita
454 805 496 845 in
518 806 724 861 Catalogo
745 806 1019 847 describitur:

170 879 194 896 ‘⁶
217 873 360 915 Codex
382 873 653 923 Chartaceus,
677 874 774 914 olim
798 874 1067 924 Tellerianus,
1092 887 1173 928 quo
1195 874 1487 915 continentur:

170 946 195 963 “
235 950 293 982 10.
360 942 571 996 Anonymi
622 943 673 982 de
724 942 979 996 syllabarum
1029 942 1268 996 quantitate
1319 940 1578 995 opusculum.

112 1014 137 1030 “
161 1017 221 1051 20.
253 1009 465 1063 Anonymi
497 1014 708 1050 tractatus
739 1009 791 1049 de
821 1009 979 1057 metris,
1003 1024 1025 1049 e
1052 1009 1178 1049 variis
1205 1008 1480 1063 scriptoribus
1503 1008 1583 1048 col-

112 1081 138 1099 “
159 1077 306 1118 lectus.
369 1077 485 1117 Illius
514 1082 662 1118 auctor
692 1077 747 1117 ad
778 1077 955 1118 extremi
987 1076 1446 1131 Constantinopolitani
1478 1080 1583 1116 tem-

112 1149 139 1167 “
160 1160 265 1200 pora
286 1144 528 1185 referendus
549 1150 626 1194 est,
649 1149 800 1199 utpote
822 1145 892 1199 qui
920 1145 1155 1185 Planudem
1185 1145 1342 1185 laudet.
1402 1153 1463 1198 30.
1497 1143 1584 1184 He-

113 1218 139 1235 “
161 1213 341 1268 phaestio
363 1214 414 1254 de
442 1213 588 1254 metris
619 1218 662 1254 et
692 1218 900 1268 poemate.
962 1213 1184 1254 Accedunt
1218 1211 1386 1253 Scholia
1419 1226 1511 1266 quae
1542 1211 1585 1251 in

114 1285 139 1303 ‘⁶
161 1281 369 1322 nonnullis
410 1282 463 1322 ab
505 1281 630 1322 editis
670 1281 924 1336 discrepant.
1002 1289 1063 1332 40.
1107 1280 1297 1321 Joannes
1331 1280 1502 1321 Tzetzes
1533 1280 1585 1320 de

114 1355 138 1372 “
160 1350 319 1400 metris,
352 1350 539 1390 versibus
569 1349 763 1404 politicis.
835 1355 896 1403 50.
930 1349 1097 1389 Scholia
1133 1363 1225 1403 quae
1259 1348 1314 1389 ad
1346 1347 1587 1402 Hephaesti-

114 1423 139 1440 “
161 1419 252 1459 onis
274 1419 429 1459 calcem
451 1418 599 1459 excudi
630 1418 791 1466 solent3
825 1418 882 1458 ibi
913 1422 1056 1458 autem
1084 1416 1284 1457 nonnulla
1314 1415 1499 1470 reperias
1529 1415 1584 1455 ab

116 1491 140 1509 ‘⁶
163 1487 287 1527 editis
318 1487 494 1528 diversa.
555 1488 615 1527 60.
648 1486 872 1540 Anonymi,
898 1485 1076 1540 Longini
1107 1484 1299 1534 fortasse,
1323 1483 1505 1538 epitome
1534 1484 1586 1523 de

114 1560 139 1577 ‘⁶
160 1555 320 1596 metris.
394 1563 453 1608 70.
487 1555 713 1609 Excerpta,
737 1554 807 1594 ubi
844 1555 894 1595 de
929 1554 1120 1594 Eudemo
1154 1553 1353 1601 Rhetore,
1388 1551 1587 1592 Helladio

116 1628 140 1646 “
164 1623 465 1673 Grammatico,
496 1623 700 1678 Eugenio,
735 1622 916 1673 Zosimo,
955 1622 1120 1671 Cecilio,
1157 1621 1360 1676 Longino,
1398 1620 1588 1673 Luperco

116 1695 141 1713 ‘⁶
164 1691 466 1741 Grammatico,
495 1691 525 1731 J
528 1691 669 1732 ustino
702 1690 914 1745 Sophista⁷
946 1691 1108 1731 Pacato
1141 1689 1341 1738 Minucio,
1366 1687 1589 1742 Pamphilo

116 1764 141 1781 “
164 1758 466 1808 Grammatico,
503 1764 546 1799 et
588 1758 802 1813 Hesychio
838 1758 1030 1806 Milesi03
1079 1758 1183 1798 nihil
1218 1762 1362 1798 autem
1397 1757 1509 1810 quod
1547 1756 1589 1796 in

115 1831 141 1849 ‘⁸
165 1826 296 1867 Suida
323 1841 407 1867 non
433 1826 611 1881 legatur.
675 1826 731 1865 80.
765 1826 1014 1881 Anonymus
1036 1827 1087 1866 de
1109 1825 1338 1867 Comoedia.
1402 1824 1587 1873 Initium,

117 1900 143 1917 ‘⁶
166 1896 359 1949 κωμῳδίαι
388 1893 576 1946 λέγονται
607 1895 655 1933 τὰ
687 1897 764 1933 τῶν
800 1898 974 1944 κωμικῶν
1004 1893 1213 1944 ποιήματα.
1277 1892 1320 1932 Is
1353 1892 1485 1932 codex
1514 1907 1589 1933 sae-

118 1967 142 1986 ‘⁶
165 1962 257 2003 culo
279 1961 441 2002 decimo
468 1965 589 2002 sexto
611 1966 812 2001 exaratus
833 1961 1035 2002 videtur.”
1096 1961 1288 2015 Catalogi
1319 1966 1463 2001 autem
1494 1975 1588 2000 con-

116 2030 251 2071 fector
280 2029 466 2070 indicare
496 2028 693 2083 neglexit,
723 2029 927 2069 interesse
959 2029 1153 2082 quaedam
1183 2043 1315 2069 vacua
1349 2028 1448 2068 folia
1481 2027 1591 2068 inter

117 2102 273 2139 caetera
295 2112 387 2152 quae
404 2096 557 2138 Codice
578 2096 722 2137 insunt
743 2102 786 2137 et
808 2097 1051 2151 opusculum
1073 2102 1277 2147 nostrum,
1294 2097 1406 2150 quod
1428 2096 1592 2136 diversa

116 2181 287 2221 prorsus
308 2181 436 2206 manu
467 2165 671 2219 scriptum
692 2165 858 2206 videtur
890 2170 933 2206 et
966 2166 1230 2219 aliquantum
1260 2164 1508 2205 recentiori:
1543 2169 1592 2204 ut

116 2234 285 2275 aliunde
307 2233 555 2274 crediderim
577 2233 619 2273 in
641 2248 769 2273 unum
791 2234 983 2274 volumen
1005 2249 1099 2275 cum
1120 2234 1329 2289 prioribus
1351 2232 1565 2273 coaluisse.

161 2302 411 2356 Anonymus
425 2302 591 2342 Auctor
608 2301 753 2356 incipit
768 2303 1053 2343 eodemmodo
1069 2304 1155 2344 fere
1173 2318 1253 2357 quo
1270 2302 1591 2356 SchoLDionys.

119 2370 271 2410 Thrac.
286 2384 312 2410 a
328 2370 523 2410 Bekkero
540 2369 641 2410 edit.
663 2371 844 2424 (Anecd.
862 2372 933 2412 Gr.
951 2387 991 2426 p.
1009 2372 1125 2425 747.)
1149 2372 1283 2412 multa
1300 2371 1427 2411 etiam
1450 2370 1593 2410 insunt

120 2453 212 2492 quae
242 2437 428 2492 reperias
459 2437 501 2477 in
533 2438 718 2478 Platonii
749 2439 995 2494 fragmentis
1025 2441 1113 2492 περὶ
1150 2443 1339 2492 διαφορᾶς
1372 2441 1590 2492 κωμῳδιῶν,

120 2506 193 2546 sed
214 2505 303 2546 haec
325 2505 445 2559 copia
473 2505 596 2560 longe
625 2513 808 2560 superat,
832 2513 875 2549 et
896 2508 1122 2563 peculiaria
1143 2508 1312 2562 insuper
1333 2508 1474 2555 habet,
1499 2520 1590 2560 quae

121 2573 173 2614 de
194 2573 467 2614 Bibliothecis
489 2573 760 2616 Alexandriae
791 2582 950 2627 narrat,
974 2582 1017 2618 et
1048 2577 1100 2617 de
1129 2577 1369 2617 criticorum
1398 2575 1540 2615 schola
1568 2589 1594 2614 a

124 2642 357 2683 Ptolemaeo
388 2656 486 2696 rege
521 2641 578 2682 ibi
614 2642 824 2685 instituta.
887 2645 1071 2699 Egregia
1103 2649 1247 2685 autem
1280 2643 1461 2684 maxime
1496 2647 1594 2682 suut

123 2726 217 2765 quae
253 2711 305 2751 de
346 2710 539 2765 Satyrico
579 2711 771 2752 dramate
812 2712 1005 2762 servavit,
1038 2717 1081 2753 et
1119 2726 1211 2766 quae
1247 2712 1307 2752 rei
1348 2712 1428 2751 huc
1465 2724 1594 2763 usque

123 2778 312 2819 obscurae
343 2778 568 2833 plurimum
594 2777 697 2818 lucis
726 2778 960 2820 affundunt.
1023 2779 1210 2834 Insignia
1232 2784 1330 2819 sunt
1352 2778 1480 2818 etiam
1503 2791 1594 2830 quae

123 2847 176 2886 de
198 2861 322 2887 scena
343 2850 386 2887 et
407 2846 519 2886 omni
543 2846 753 2887 theatrica
775 2846 1028 2901 supellectile
1056 2852 1228 2894 narrat;
1263 2847 1324 2887 ita
1346 2850 1393 2886 ut
1413 2844 1594 2884 maxime

125 2915 351 2956 dolendum
381 2915 448 2964 sit,
471 2929 555 2954 non
583 2914 794 2969 integrum
824 2920 914 2955 tam
946 2914 1132 2954 notabile
1163 2913 1407 2968 opusculum
1435 2912 1489 2952 ad
1520 2925 1595 2949 nos

124 2982 374 3037 pervenisse.
435 2982 630 3037 Quisquis
657 2982 768 3024 enim
795 2981 886 3031 fuit,
910 2982 1076 3023 videtur
1096 2997 1147 3022 ex
1170 2980 1424 3035 optimorum
1447 2979 1594 3019 Gram-

830 3061 896 3090 CZ
