1952 3342
791 184 1082 227 MONITUM
1118 185 1386 228 LECTORI.

417 291 551 343 Quam
574 292 842 347 imperfectus
875 294 929 335 sit
959 295 1204 336 Graeeorum
1226 293 1427 335 Codicum
1448 293 1720 334 Bibliothecae
1744 293 1827 334 Panv

359 364 544 405 risiensis
566 365 806 420 Catalogus,
830 366 892 406 vel
914 381 965 407 ex
988 371 1133 407 nostro
1154 366 1298 407 labore
1325 366 1429 406 satis
1458 366 1648 420 patebit3
1682 366 1825 407 liceat-

359 452 437 492 que
467 438 569 478 mihi
602 439 796 479 Summos
819 438 960 486 Viros,
986 439 1055 493 qui
1087 439 1175 493 ejus
1206 453 1348 480 euram
1378 443 1542 493 gerunt,
1572 444 1614 480 et
1646 453 1822 493 quorum

356 512 611 553 humanitati
632 518 675 553 et
696 513 1008 563 benevolentiae,
1027 527 1092 553 me
1114 513 1337 568 plurimum
1353 513 1518 562 debere,
1535 512 1824 553 lubentissime

354 586 566 640 profiteor,
590 587 752 628 hortari
774 592 903 641 atque
925 587 1052 627 etiam
1073 601 1206 636 orare,
1230 591 1278 628 ut
1305 586 1360 627 ad
1387 586 1482 627 novi
1504 585 1697 639 Oatalogi
1724 599 1820 624 eon-

352 659 573 700 fectionem
604 660 790 700 animum
821 660 994 701 tandem
1025 660 1250 714 applicent.
1313 659 1499 713 Dignum
1529 658 1610 699 erit
1641 672 1746 712 opus
1777 662 1820 697 ot

353 747 496 772 eorum
517 733 751 774 eruditione
782 738 825 774 et
859 733 1194 788 splendidissima
1215 733 1490 784 Bibliotheca,
1513 732 1729 787 Regiaque
1750 731 1821 772 illa

354 805 650 856 munificentia,
676 821 758 861 qua
779 821 855 862 per
875 811 942 848 tot
964 807 1115 848 saeoula
1135 807 1343 848 instructa
1364 810 1430 847 est
1450 810 1494 847 et
1515 810 1679 846 ornata.

410 877 608 933 Ingratus
635 893 761 933 porro
786 894 932 926 essem,
956 880 991 920 si
1018 880 1096 920 hoe
1127 880 1170 920 in
1199 879 1301 928 loco,
1325 883 1468 934 grates
1497 877 1714 933 speciatim
1742 877 1817 918 sol-

349 951 505 991 vendas
536 951 775 992 omitterem
817 952 982 993 erudito
1025 951 1131 993 Viro
1170 951 1437 993 Emmanueli
1480 951 1633 1000 Miller,
1676 950 1820 1005 Regiae

348 1024 623 1065 Bibliothecae
663 1025 706 1065 in
746 1025 878 1067 codd,
919 1025 1046 1066 MSS.
1082 1027 1213 1067 Parte
1254 1026 1468 1080 adjuncto,
1505 1024 1574 1079 qui
1616 1024 1658 1064 in
1698 1038 1821 1064 usum

347 1102 539 1139 nostrum
568 1097 748 1153 plurima
779 1098 1053 1139 describenda
1088 1098 1265 1148 curavit,
1298 1098 1497 1139 nonnulla
1532 1098 1619 1152 ipse
1653 1096 1819 1138 nitidis-

348 1172 462 1221 sime,
485 1177 533 1213 ut
555 1171 673 1222 solet,
697 1172 917 1227 exscripsit
937 1190 947 1221 3
982 1173 1175 1228 omnique
1197 1177 1388 1227 tempore
1418 1172 1519 1212 mihi
1552 1186 1715 1212 sumina
1745 1171 1816 1212 ber

348 1245 584 1286 nevolentia
605 1250 648 1286 et
667 1245 885 1301 diligentia
906 1260 1078 1302 operam
1099 1246 1320 1301 perutilem
1342 1245 1525 1287 navavit.
