1952 3342
660 615 1203 668 ADDENDA.

817 799 839 800 ii
889 787 981 810 ,0.
1047 799 1088 801 „i

203 899 364 963 QUAE
395 920 631 968 sequuntur
659 914 920 968 subjicienda
952 922 1052 955 sunt
1075 915 1124 954 iis
1149 929 1244 968 quae
1273 915 1392 956 initio
1418 915 1656 956 Voluminis

202 992 370 1046 vulgavi
393 985 478 1048 περὶ
506 985 734 1049 Κωμῳδίας.
799 991 917 1031 Inter
940 991 1052 1032 varia
1076 991 1233 1046 Logica
1257 993 1470 1033 schemata
1494 996 1658 1046 reperta

202 1075 304 1109 sunt
338 1067 631 1123 antiquissimo
657 1066 812 1108 Codice
837 1067 1096 1108 Coisliniano
1127 1085 1213 1119 120,
1242 1069 1316 1123 qui
1351 1075 1414 1109 est
1449 1068 1657 1109 membra-
1714 1091 1716 1094 ·

203 1160 358 1186 naceus
397 1146 517 1186 form.
554 1145 598 1184 in
632 1144 704 1184 fol.
735 1151 776 1185 et
817 1146 972 1186 saeculo
1013 1145 1174 1186 decimo
1209 1146 1493 1200 pulcherrima
1528 1160 1657 1185 manu

163 1235 184 1272 5
203 1223 398 1278 scriptus.
469 1221 638 1262 Codicis
672 1222 806 1276 major
840 1237 937 1277 pars
973 1222 1228 1276 quaestiones
1250 1222 1464 1262 Anastasii
1498 1223 1658 1262 theolo-

200 1301 314 1355 gicas
348 1299 488 1348 refert,
526 1303 619 1338 tuln
659 1298 893 1338 Andronici
926 1299 1082 1339 Rhodii
1119 1298 1363 1353 philosophi
1393 1298 1659 1353 Peripatetici

200 1382 427 1418 tractatum
452 1376 503 1416 de
535 1374 680 1415 Animi
704 1376 875 1417 Affectt.
906 1375 949 1415 in
974 1376 1059 1416 fine
1090 1375 1304 1425 mutilum,
1336 1375 1433 1415 dein
1463 1375 1658 1429 quaedam

201 1453 523 1508 Chronologiea,
548 1458 590 1492 et
623 1452 693 1493 fol.
724 1468 812 1504 230.
851 1452 1216 1493 Commentarium
1251 1452 1294 1492 in
1330 1452 1659 1507 praedicamenta

200 1530 437 1586 Porphyrii.
479 1529 568 1570 Fol.
608 1543 697 1581 237.
740 1524 845 1587 Περὶ
883 1524 1043 1577 Εἴδους.
1086 1524 1212 1584 φησὶν
1251 1527 1268 1571 ὁ
1311 1524 1531 1588 Εὐριπίδης
1571 1522 1659 1586 περὶ

140 1622 185 1646 10
198 1603 375 1656 Φοίνικος
398 1601 499 1654 τινὸς
524 1604 663 1661 (Stob.
688 1606 772 1647 Tit.
799 1609 866 1662 65,
891 1606 947 1664 1.)

638 1685 755 1728 πρῶτον
774 1680 834 1727 μὲν
854 1677 930 1722 εἶδος
950 1678 1037 1722 ἄξιον
1056 1682 1247 1729 τυραννίδος.

200 1762 351 1803 Postea
373 1762 488 1803 varia
510 1762 670 1818 Logica
694 1761 921 1811 schemata,
940 1759 1096 1814 quibus
1120 1758 1369 1813 interposita
1394 1763 1495 1798 sunt
1519 1759 1657 1799 medio

196 1839 267 1880 fol.
303 1844 392 1891 248.
422 1854 530 1880 vers.
570 1839 681 1881 inter
710 1834 824 1885 τέλος
853 1837 922 1878 τοῦ
953 1853 980 1877 α
1012 1833 1227 1893 σχήματος
1260 1840 1302 1876 et
1337 1836 1484 1893 πρῶτος
1519 1829 1658 1892 τρόπος

198 1912 235 1958 ἐν
258 1916 292 1966 β
317 1912 518 1974 σχήματι,
542 1931 637 1971 quae
662 1916 713 1956 de
739 1914 959 1956 Comoedia
983 1912 1199 1968 exscripsi.
1242 1911 1384 1952 Verba
1407 1912 1531 1952 credo
1556 1917 1658 1952 sunt

137 2004 180 2043 15
197 1993 374 2048 alicujus
400 1992 757 2035 Commentatoris
791 1991 836 2032 in
860 1989 1099 2031 Aristotelis
1130 1994 1358 2030 tractatum
1389 1989 1441 2029 de
1474 1988 1657 2039 Poetica,

197 2086 292 2126 quae
317 2076 540 2126 eapropter
562 2069 814 2111 notabiliora
832 2074 945 2119 sunt,
964 2067 1079 2122 quod
1103 2066 1282 2121 scriptor
1300 2065 1532 2121 pleniorem
1558 2080 1656 2106 eum

196 2164 324 2203 quam
360 2149 433 2203 qui
468 2150 522 2190 ad
556 2148 678 2190 nobis
713 2146 919 2202 pervenit,
947 2143 1183 2200 praesertim
1209 2137 1245 2184 ἐν
1268 2144 1351 2190 τοῖς
1374 2135 1461 2200 περὶ
1484 2136 1655 2198 γελοίου,

197 2222 315 2280 (Vid.
339 2225 515 2268 Aristot.
541 2225 666 2266 Rhet.
693 2239 765 2265 111.
790 2222 874 2280 18.)
899 2221 1097 2263 habuisse
1122 2220 1300 2261 videtur.

355 2330 418 2371 Τῆς
435 2327 586 2371 ποιήσεως

357 2393 375 2436 ’ἦ
394 2392 454 2439 μὲν
471 2392 632 2437 ἀμίμητος
1009 2388 1026 2431 ἦ
1047 2387 1079 2423 δὲ
1099 2388 1225 2432 manvi

842 2509 877 2544 τὸ
897 2509 957 2554 μὲν
1020 2441 1237 2542 βχτὸ
1257 2507 1287 2542 δὲ
1309 2506 1504 2553 ’δραματικὲν

270 2575 408 2625 ἱστορική
517 2574 704 2616 παιδευτική
841 2573 1078 2620 ἐπαγγελτικὲν
1300 2572 1356 2606 καὶ

306 2632 533 2790 Α
1242 2647 1412 2694 πρακτικὸν

197 2792 377 2842 ὑφηγητικὴ
435 2790 602 2838 θεωρητικὴ
982 2788 1128 2833 κωμῳδία
1163 2785 1326 2833 τραγῳδία
1362 2785 1474 2830 μίμοις
1505 2785 1657 2831 σατύρους

199 2903 223 2956 ἡ
247 2895 446 2962 τραγῳδία
471 2896 633 2959 ὑφαιρεῖ
650 2896 702 2941 τὰ
734 2893 894 2957 φοβερὰ
923 2894 1140 2954 παθήματα
1173 2898 1244 2948 τῆς
1279 2895 1414 2951 ψυχῆς
1442 2888 1487 2935 δι’
1514 2888 1656 2945 οἴκτων,

860 2982 883 3023 3
911 2984 934 3009 F
961 2981 982 3009 2
