<?xml version="1.0" encoding="UTF-8"?>
<!DOCTYPE html PUBLIC "-//W3C//DTD XHTML 1.0 Transitional//EN"
    "http://www.w3.org/TR/xhtml1/DTD/xhtml1-transitional.dtd">
<html xmlns="http://www.w3.org/1999/xhtml" xml:lang="en" lang="en">
 <head>
  <title>
</title>
<meta http-equiv="Content-Type" content="text/html;charset=utf-8" />
  <meta name='ocr-system' content='tesseract 3.04.00' />
  <meta name='ocr-capabilities' content='ocr_page ocr_carea ocr_par ocr_line ocrx_word'/>
</head>
<body>
  <div class='ocr_page' id='page_1' title='image "./anecdotagraecaec01cram_0021.png"; bbox 0 0 1952 3342; ppageno 0'>
   <div class='ocr_carea' id='block_1_1' title="bbox 617 205 1597 248">
    <p class='ocr_par' dir='ltr' id='par_1_1' title="bbox 617 205 1597 248">
     <span class='ocr_line' id='line_1_1' title="bbox 617 205 1597 248; baseline 0 0"><span class='ocrx_word' id='word_1_1' title='bbox 617 205 1100 248; x_wconf 86' lang='lat' dir='ltr'>ANNOTATIONES.</span> <span class='ocrx_word' id='word_1_2' title='bbox 1546 209 1597 248; x_wconf 81' lang='lat'>13</span> 
     </span>
    </p>
   </div>
   <div class='ocr_carea' id='block_1_2' title="bbox 122 310 1599 3033">
    <p class='ocr_par' dir='ltr' id='par_1_2' title="bbox 125 310 1599 1187">
     <span class='ocr_line' id='line_1_2' title="bbox 129 310 1598 367; baseline 0.001 -15"><span class='ocrx_word' id='word_1_3' title='bbox 129 317 152 334; x_wconf 75' lang='lat'>‘⁴</span> <span class='ocrx_word' id='word_1_4' title='bbox 174 311 252 367; x_wconf 82' lang='lat' dir='ltr'>cyli</span> <span class='ocrx_word' id='word_1_5' title='bbox 284 311 545 353; x_wconf 88' lang='lat' dir='ltr'>Onomacriti</span> <span class='ocrx_word' id='word_1_6' title='bbox 582 311 808 352; x_wconf 74' lang='lat' dir='ltr'>Athenien.</span> <span class='ocrx_word' id='word_1_7' title='bbox 869 311 1027 366; x_wconf 86' lang='lat' dir='ltr'>Zopyri</span> <span class='ocrx_word' id='word_1_8' title='bbox 1060 310 1327 352; x_wconf 58' lang='lat' dir='ltr'>Heracleotae</span> <span class='ocrx_word' id='word_1_9' title='bbox 1364 317 1408 353; x_wconf 85' lang='lat' dir='ltr'>et</span> <span class='ocrx_word' id='word_1_10' title='bbox 1440 313 1598 367; x_wconf 85' lang='lat' dir='ltr'>Orphei</span> 
     </span>
     <span class='ocr_line' id='line_1_3' title="bbox 129 379 1597 434; baseline 0 -13"><span class='ocrx_word' id='word_1_11' title='bbox 129 385 153 402; x_wconf 82' lang='lat'>“</span> <span class='ocrx_word' id='word_1_12' title='bbox 175 380 448 422; x_wconf 79' lang='lat' dir='ltr'>Crotoniatae.</span> <span class='ocrx_word' id='word_1_13' title='bbox 487 394 585 421; x_wconf 89' lang='lat' dir='ltr'>nam</span> <span class='ocrx_word' id='word_1_14' title='bbox 617 380 797 434; x_wconf 87' lang='lat' dir='ltr'>carptim</span> <span class='ocrx_word' id='word_1_15' title='bbox 818 380 934 434; x_wconf 87' lang='lat' dir='ltr'>prius</span> <span class='ocrx_word' id='word_1_16' title='bbox 958 379 1171 420; x_wconf 77' lang='lat' dir='ltr'>Homerus</span> <span class='ocrx_word' id='word_1_17' title='bbox 1203 385 1246 421; x_wconf 91' lang='lat' dir='ltr'>ct</span> <span class='ocrx_word' id='word_1_18' title='bbox 1276 394 1360 421; x_wconf 89' lang='lat' dir='ltr'>non</span> <span class='ocrx_word' id='word_1_19' title='bbox 1388 380 1466 420; x_wconf 85' lang='lat' dir='ltr'>nisi</span> <span class='ocrx_word' id='word_1_20' title='bbox 1495 381 1597 421; x_wconf 86' lang='lat' dir='ltr'>diffi-</span> 
     </span>
     <span class='ocr_line' id='line_1_4' title="bbox 129 447 1598 504; baseline 0.001 -15"><span class='ocrx_word' id='word_1_21' title='bbox 129 453 153 470; x_wconf 77' lang='grc'>“</span> <span class='ocrx_word' id='word_1_22' title='bbox 175 447 324 489; x_wconf 87' lang='lat' dir='ltr'>cillimc</span> <span class='ocrx_word' id='word_1_23' title='bbox 358 448 588 504; x_wconf 80' lang='lat' dir='ltr'>legebatur.</span> <span class='ocrx_word' id='word_1_24' title='bbox 663 448 773 500; x_wconf 76' lang='lat' dir='ltr'>Qum</span> <span class='ocrx_word' id='word_1_25' title='bbox 813 448 942 489; x_wconf 83' lang='lat' dir='ltr'>otiam</span> <span class='ocrx_word' id='word_1_26' title='bbox 983 453 1079 502; x_wconf 87' lang='lat' dir='ltr'>post</span> <span class='ocrx_word' id='word_1_27' title='bbox 1123 448 1338 489; x_wconf 71' lang='lat' dir='ltr'>Pisistrati</span> <span class='ocrx_word' id='word_1_28' title='bbox 1374 463 1519 489; x_wconf 87' lang='lat' dir='ltr'>curam</span> <span class='ocrx_word' id='word_1_29' title='bbox 1555 454 1598 491; x_wconf 87' lang='lat' dir='ltr'>et</span> 
     </span>
     <span class='ocr_line' id='line_1_5' title="bbox 129 516 1598 572; baseline 0 -15"><span class='ocrx_word' id='word_1_30' title='bbox 129 522 153 538; x_wconf 68' lang='lat'>⁸‘</span> <span class='ocrx_word' id='word_1_31' title='bbox 177 516 395 557; x_wconf 65' lang='lat' dir='ltr'>Ptolemaei</span> <span class='ocrx_word' id='word_1_32' title='bbox 414 517 674 572; x_wconf 71' lang='lat' dir='ltr'>diligentiam</span> <span class='ocrx_word' id='word_1_33' title='bbox 692 517 969 558; x_wconf 74' lang='lat' dir='ltr'>Aristarchus</span> <span class='ocrx_word' id='word_1_34' title='bbox 990 517 1128 557; x_wconf 89' lang='lat' dir='ltr'>adhuc</span> <span class='ocrx_word' id='word_1_35' title='bbox 1149 517 1339 558; x_wconf 82' lang='lat' dir='ltr'>exactius</span> <span class='ocrx_word' id='word_1_36' title='bbox 1360 517 1401 557; x_wconf 91' lang='lat' dir='ltr'>in</span> <span class='ocrx_word' id='word_1_37' title='bbox 1420 517 1598 558; x_wconf 85' lang='lat' dir='ltr'>Homeri</span> 
     </span>
     <span class='ocr_line' id='line_1_6' title="bbox 128 584 1599 639; baseline 0.001 -14"><span class='ocrx_word' id='word_1_38' title='bbox 128 591 152 607; x_wconf 85' lang='grc'>“</span> <span class='ocrx_word' id='word_1_39' title='bbox 174 584 427 626; x_wconf 76' lang='lat' dir='ltr'>elimandam</span> <span class='ocrx_word' id='word_1_40' title='bbox 455 584 742 626; x_wconf 70' lang='lat' dir='ltr'>collectionem</span> <span class='ocrx_word' id='word_1_41' title='bbox 771 585 967 639; x_wconf 76' lang='lat' dir='ltr'>vigilavit.</span> <span class='ocrx_word' id='word_1_42' title='bbox 1032 585 1288 626; x_wconf 71' lang='lat' dir='ltr'>Heliodorus</span> <span class='ocrx_word' id='word_1_43' title='bbox 1315 585 1449 626; x_wconf 85' lang='lat' dir='ltr'>multa</span> <span class='ocrx_word' id='word_1_44' title='bbox 1475 586 1599 627; x_wconf 88' lang='lat' dir='ltr'>aliter</span> 
     </span>
     <span class='ocr_line' id='line_1_7' title="bbox 127 653 1598 710; baseline 0.001 -17"><span class='ocrx_word' id='word_1_45' title='bbox 127 659 152 676; x_wconf 75' lang='lat'>‘⁶</span> <span class='ocrx_word' id='word_1_46' title='bbox 173 659 368 709; x_wconf 78' lang='lat' dir='ltr'>nugatur,</span> <span class='ocrx_word' id='word_1_47' title='bbox 399 669 491 708; x_wconf 81' lang='lat' dir='ltr'>quae</span> <span class='ocrx_word' id='word_1_48' title='bbox 521 654 646 710; x_wconf 78' lang='lat' dir='ltr'>longo</span> <span class='ocrx_word' id='word_1_49' title='bbox 675 654 856 695; x_wconf 85' lang='lat' dir='ltr'>convitio</span> <span class='ocrx_word' id='word_1_50' title='bbox 885 653 1031 695; x_wconf 80' lang='lat' dir='ltr'>Oecius</span> <span class='ocrx_word' id='word_1_51' title='bbox 1059 654 1343 709; x_wconf 87' lang='lat' dir='ltr'>reprehendit.</span> <span class='ocrx_word' id='word_1_52' title='bbox 1405 654 1515 695; x_wconf 91' lang='lat' dir='ltr'>Nam</span> <span class='ocrx_word' id='word_1_53' title='bbox 1547 655 1598 695; x_wconf 73' lang='lat' dir='ltr'>ol&#39;</span> 
     </span>
     <span class='ocr_line' id='line_1_8' title="bbox 128 721 1598 777; baseline 0.001 -15"><span class='ocrx_word' id='word_1_54' title='bbox 128 727 152 744; x_wconf 86' lang='lat'><strong>“</strong></span> <span class='ocrx_word' id='word_1_55' title='bbox 176 722 375 764; x_wconf 82' lang='lat' dir='ltr'>LXXII.</span> <span class='ocrx_word' id='word_1_56' title='bbox 398 723 561 763; x_wconf 91' lang='lat' dir='ltr'>duobus</span> <span class='ocrx_word' id='word_1_57' title='bbox 583 722 718 763; x_wconf 83' lang='lat' dir='ltr'>doctis</span> <span class='ocrx_word' id='word_1_58' title='bbox 739 722 836 763; x_wconf 84' lang='lat' dir='ltr'>viris</span> <span class='ocrx_word' id='word_1_59' title='bbox 858 737 884 762; x_wconf 91' lang='lat' dir='ltr'>a</span> <span class='ocrx_word' id='word_1_60' title='bbox 907 721 1135 762; x_wconf 75' lang='lat' dir='ltr'>Pisistrato</span> <span class='ocrx_word' id='word_1_61' title='bbox 1165 722 1261 763; x_wconf 90' lang='lat' dir='ltr'>huic</span> <span class='ocrx_word' id='word_1_62' title='bbox 1292 722 1461 777; x_wconf 77' lang='lat' dir='ltr'>negotio</span> <span class='ocrx_word' id='word_1_63' title='bbox 1492 738 1598 777; x_wconf 84' lang='lat' dir='ltr'>prae-</span> 
     </span>
     <span class='ocr_line' id='line_1_9' title="bbox 128 790 1597 846; baseline 0.001 -15"><span class='ocrx_word' id='word_1_64' title='bbox 128 795 151 812; x_wconf 82' lang='lat'><strong>“</strong></span> <span class='ocrx_word' id='word_1_65' title='bbox 173 790 321 845; x_wconf 85' lang='lat' dir='ltr'>positis</span> <span class='ocrx_word' id='word_1_66' title='bbox 352 790 454 832; x_wconf 91' lang='lat' dir='ltr'>dicit</span> <span class='ocrx_word' id='word_1_67' title='bbox 486 790 723 832; x_wconf 83' lang='lat' dir='ltr'>Homerum</span> <span class='ocrx_word' id='word_1_68' title='bbox 755 791 816 832; x_wconf 85' lang='lat' dir='ltr'>ita</span> <span class='ocrx_word' id='word_1_69' title='bbox 848 790 975 831; x_wconf 86' lang='lat' dir='ltr'>fuisse</span> <span class='ocrx_word' id='word_1_70' title='bbox 1001 791 1293 845; x_wconf 89' lang='lat' dir='ltr'>compositum.</span> <span class='ocrx_word' id='word_1_71' title='bbox 1338 791 1406 845; x_wconf 87' lang='lat' dir='ltr'>qui</span> <span class='ocrx_word' id='word_1_72' title='bbox 1430 791 1597 846; x_wconf 81' lang='lat' dir='ltr'>quidem</span> 
     </span>
     <span class='ocr_line' id='line_1_10' title="bbox 128 859 1597 913; baseline 0.001 -15"><span class='ocrx_word' id='word_1_73' title='bbox 128 863 151 880; x_wconf 84' lang='grc'>“</span> <span class='ocrx_word' id='word_1_74' title='bbox 172 859 381 900; x_wconf 90' lang='lat' dir='ltr'>Zenodoti</span> <span class='ocrx_word' id='word_1_75' title='bbox 417 864 460 901; x_wconf 90' lang='lat' dir='ltr'>et</span> <span class='ocrx_word' id='word_1_76' title='bbox 492 859 732 901; x_wconf 85' lang='lat' dir='ltr'>Aristarchi</span> <span class='ocrx_word' id='word_1_77' title='bbox 765 859 974 900; x_wconf 87' lang='lat' dir='ltr'>industria</span> <span class='ocrx_word' id='word_1_78' title='bbox 1008 859 1201 900; x_wconf 89' lang='lat' dir='ltr'>omnibus</span> <span class='ocrx_word' id='word_1_79' title='bbox 1234 859 1456 913; x_wconf 65' lang='lat' dir='ltr'>praelatam</span> <span class='ocrx_word' id='word_1_80' title='bbox 1487 874 1597 900; x_wconf 88' lang='lat' dir='ltr'>com-</span> 
     </span>
     <span class='ocr_line' id='line_1_11' title="bbox 126 927 1597 983; baseline 0.001 -16"><span class='ocrx_word' id='word_1_81' title='bbox 126 931 151 949; x_wconf 82' lang='lat'><strong>“</strong></span> <span class='ocrx_word' id='word_1_82' title='bbox 172 927 405 981; x_wconf 80' lang='lat' dir='ltr'>probarint,</span> <span class='ocrx_word' id='word_1_83' title='bbox 444 929 555 982; x_wconf 86' lang='lat' dir='ltr'>quod</span> <span class='ocrx_word' id='word_1_84' title='bbox 596 932 764 969; x_wconf 88' lang='lat' dir='ltr'>constat</span> <span class='ocrx_word' id='word_1_85' title='bbox 804 928 931 968; x_wconf 87' lang='lat' dir='ltr'>fuisse</span> <span class='ocrx_word' id='word_1_86' title='bbox 971 927 1253 968; x_wconf 86' lang='lat' dir='ltr'>falsissimum.</span> <span class='ocrx_word' id='word_1_87' title='bbox 1307 928 1459 983; x_wconf 84' lang='lat' dir='ltr'>quippe</span> <span class='ocrx_word' id='word_1_88' title='bbox 1503 943 1597 969; x_wconf 90' lang='lat' dir='ltr'>cum</span> 
     </span>
     <span class='ocr_line' id='line_1_12' title="bbox 125 995 1597 1050; baseline 0.001 -15"><span class='ocrx_word' id='word_1_89' title='bbox 125 995 283 1036; x_wconf 83' lang='lat' dir='ltr'>“inter</span> <span class='ocrx_word' id='word_1_90' title='bbox 313 995 586 1037; x_wconf 83' lang='lat' dir='ltr'>Pisistratum</span> <span class='ocrx_word' id='word_1_91' title='bbox 608 1001 651 1037; x_wconf 88' lang='lat' dir='ltr'>et</span> <span class='ocrx_word' id='word_1_92' title='bbox 672 996 940 1036; x_wconf 88' lang='lat' dir='ltr'>Zenodotum</span> <span class='ocrx_word' id='word_1_93' title='bbox 970 996 1126 1036; x_wconf 89' lang='lat' dir='ltr'>fuerint</span> <span class='ocrx_word' id='word_1_94' title='bbox 1156 995 1255 1037; x_wconf 91' lang='lat' dir='ltr'>anni</span> <span class='ocrx_word' id='word_1_95' title='bbox 1287 1011 1414 1050; x_wconf 89' lang='lat' dir='ltr'>supra</span> <span class='ocrx_word' id='word_1_96' title='bbox 1445 997 1597 1038; x_wconf 90' lang='lat' dir='ltr'>ducen-</span> 
     </span>
     <span class='ocr_line' id='line_1_13' title="bbox 126 1063 1597 1119; baseline 0.001 -15"><span class='ocrx_word' id='word_1_97' title='bbox 126 1068 150 1085; x_wconf 83' lang='lat'><strong>“</strong></span> <span class='ocrx_word' id='word_1_98' title='bbox 171 1068 251 1104; x_wconf 91' lang='lat' dir='ltr'>tos.</span> <span class='ocrx_word' id='word_1_99' title='bbox 313 1063 588 1105; x_wconf 87' lang='lat' dir='ltr'>Aristarchus</span> <span class='ocrx_word' id='word_1_100' title='bbox 621 1069 765 1105; x_wconf 90' lang='lat' dir='ltr'>autem</span> <span class='ocrx_word' id='word_1_101' title='bbox 799 1068 1002 1118; x_wconf 87' lang='lat' dir='ltr'>quattuor</span> <span class='ocrx_word' id='word_1_102' title='bbox 1032 1064 1154 1105; x_wconf 87' lang='lat' dir='ltr'>annis</span> <span class='ocrx_word' id='word_1_103' title='bbox 1184 1064 1321 1104; x_wconf 90' lang='lat' dir='ltr'>minor</span> <span class='ocrx_word' id='word_1_104' title='bbox 1351 1064 1477 1105; x_wconf 86' lang='lat' dir='ltr'>fuerit</span> <span class='ocrx_word' id='word_1_105' title='bbox 1505 1065 1597 1119; x_wconf 89' lang='lat' dir='ltr'>ipso</span> 
     </span>
     <span class='ocr_line' id='line_1_14' title="bbox 125 1132 902 1187; baseline -0.001 -14"><span class='ocrx_word' id='word_1_106' title='bbox 125 1137 150 1154; x_wconf 74' lang='lat'>‘⁶</span> <span class='ocrx_word' id='word_1_107' title='bbox 171 1136 215 1173; x_wconf 91' lang='lat' dir='ltr'>et</span> <span class='ocrx_word' id='word_1_108' title='bbox 236 1132 457 1173; x_wconf 91' lang='lat' dir='ltr'>Zenodoto</span> <span class='ocrx_word' id='word_1_109' title='bbox 479 1137 608 1187; x_wconf 87' lang='lat' dir='ltr'>atque</span> <span class='ocrx_word' id='word_1_110' title='bbox 631 1132 902 1173; x_wconf 54' lang='lat' dir='ltr'>Ptolemaeos&#39;</span> 
     </span>
    </p>

    <p class='ocr_par' dir='ltr' id='par_1_3' title="bbox 122 1199 1596 3033">
     <span class='ocr_line' id='line_1_15' title="bbox 183 1199 1596 1255; baseline 0.001 -15"><span class='ocrx_word' id='word_1_111' title='bbox 183 1199 265 1241; x_wconf 87' lang='lat' dir='ltr'>His</span> <span class='ocrx_word' id='word_1_112' title='bbox 295 1204 439 1241; x_wconf 89' lang='lat' dir='ltr'>autem</span> <span class='ocrx_word' id='word_1_113' title='bbox 470 1215 565 1241; x_wconf 92' lang='lat' dir='ltr'>cum</span> <span class='ocrx_word' id='word_1_114' title='bbox 593 1201 743 1242; x_wconf 76' lang='lat' dir='ltr'>Graeco</span> <span class='ocrx_word' id='word_1_115' title='bbox 779 1205 925 1241; x_wconf 85' lang='lat' dir='ltr'>nostro</span> <span class='ocrx_word' id='word_1_116' title='bbox 957 1200 1237 1255; x_wconf 82' lang='lat' dir='ltr'>grammatico</span> <span class='ocrx_word' id='word_1_117' title='bbox 1271 1200 1446 1249; x_wconf 77' lang='lat' dir='ltr'>collatiS,</span> <span class='ocrx_word' id='word_1_118' title='bbox 1474 1200 1596 1242; x_wconf 88' lang='lat' dir='ltr'>facile</span> 
     </span>
     <span class='ocr_line' id='line_1_16' title="bbox 122 1268 1595 1325; baseline 0 -15"><span class='ocrx_word' id='word_1_119' title='bbox 122 1268 300 1324; x_wconf 84' lang='lat' dir='ltr'>patebit,</span> <span class='ocrx_word' id='word_1_120' title='bbox 344 1268 511 1319; x_wconf 89' lang='lat' dir='ltr'>Latina,</span> <span class='ocrx_word' id='word_1_121' title='bbox 553 1269 633 1310; x_wconf 88' lang='lat' dir='ltr'>etsi</span> <span class='ocrx_word' id='word_1_122' title='bbox 673 1269 715 1309; x_wconf 95' lang='lat' dir='ltr'>in</span> <span class='ocrx_word' id='word_1_123' title='bbox 756 1268 945 1323; x_wconf 88' lang='lat' dir='ltr'>plurimis</span> <span class='ocrx_word' id='word_1_124' title='bbox 982 1283 1076 1309; x_wconf 84' lang='lat' dir='ltr'>cum</span> <span class='ocrx_word' id='word_1_125' title='bbox 1122 1268 1191 1309; x_wconf 93' lang='lat' dir='ltr'>illo</span> <span class='ocrx_word' id='word_1_126' title='bbox 1237 1274 1483 1325; x_wconf 83' lang='lat' dir='ltr'>congruant,</span> <span class='ocrx_word' id='word_1_127' title='bbox 1526 1284 1595 1310; x_wconf 91' lang='lat' dir='ltr'>ne-</span> 
     </span>
     <span class='ocr_line' id='line_1_17' title="bbox 124 1337 1595 1392; baseline 0.001 -15"><span class='ocrx_word' id='word_1_128' title='bbox 124 1351 335 1392; x_wconf 87' lang='lat' dir='ltr'>quaquam</span> <span class='ocrx_word' id='word_1_129' title='bbox 379 1341 523 1378; x_wconf 88' lang='lat' dir='ltr'>tamen</span> <span class='ocrx_word' id='word_1_130' title='bbox 569 1337 625 1378; x_wconf 91' lang='lat' dir='ltr'>ad</span> <span class='ocrx_word' id='word_1_131' title='bbox 672 1338 844 1378; x_wconf 79' lang='lat' dir='ltr'>verbum</span> <span class='ocrx_word' id='word_1_132' title='bbox 888 1337 1108 1391; x_wconf 79' lang='lat' dir='ltr'>quadrare,</span> <span class='ocrx_word' id='word_1_133' title='bbox 1164 1337 1290 1378; x_wconf 93' lang='lat' dir='ltr'>immo</span> <span class='ocrx_word' id='word_1_134' title='bbox 1337 1337 1595 1378; x_wconf 75' lang='lat' dir='ltr'>differentias</span> 
     </span>
     <span class='ocr_line' id='line_1_18' title="bbox 123 1405 1595 1461; baseline -0.001 -14"><span class='ocrx_word' id='word_1_135' title='bbox 123 1405 227 1447; x_wconf 81' lang='lat' dir='ltr'>satis</span> <span class='ocrx_word' id='word_1_136' title='bbox 257 1406 464 1447; x_wconf 89' lang='lat' dir='ltr'>notabiles</span> <span class='ocrx_word' id='word_1_137' title='bbox 494 1405 537 1445; x_wconf 90' lang='lat' dir='ltr'>in</span> <span class='ocrx_word' id='word_1_138' title='bbox 568 1405 694 1446; x_wconf 86' lang='lat' dir='ltr'>rebus</span> <span class='ocrx_word' id='word_1_139' title='bbox 726 1405 870 1446; x_wconf 88' lang='lat' dir='ltr'>relatis</span> <span class='ocrx_word' id='word_1_140' title='bbox 907 1405 1130 1452; x_wconf 74' lang='lat' dir='ltr'>exhibere3</span> <span class='ocrx_word' id='word_1_141' title='bbox 1166 1420 1230 1446; x_wconf 86' lang='lat' dir='ltr'>ex.</span> <span class='ocrx_word' id='word_1_142' title='bbox 1261 1421 1324 1461; x_wconf 80' lang='lat' dir='ltr'>gr.</span> <span class='ocrx_word' id='word_1_143' title='bbox 1358 1406 1429 1446; x_wconf 91' lang='lat' dir='ltr'>ubi</span> <span class='ocrx_word' id='word_1_144' title='bbox 1461 1407 1595 1446; x_wconf 85' lang='lat' dir='ltr'>Zeno-</span> 
     </span>
     <span class='ocr_line' id='line_1_19' title="bbox 123 1473 1594 1529; baseline 0 -14"><span class='ocrx_word' id='word_1_145' title='bbox 123 1475 271 1515; x_wconf 88' lang='lat' dir='ltr'>dotum</span> <span class='ocrx_word' id='word_1_146' title='bbox 294 1474 523 1529; x_wconf 88' lang='lat' dir='ltr'>Ephesium</span> <span class='ocrx_word' id='word_1_147' title='bbox 545 1474 749 1528; x_wconf 88' lang='lat' dir='ltr'>principio</span> <span class='ocrx_word' id='word_1_148' title='bbox 781 1474 984 1523; x_wconf 86' lang='lat' dir='ltr'>nominat,</span> <span class='ocrx_word' id='word_1_149' title='bbox 1008 1473 1311 1514; x_wconf 79' lang='lat' dir='ltr'>Callimachum</span> <span class='ocrx_word' id='word_1_150' title='bbox 1342 1479 1465 1516; x_wconf 86' lang='lat' dir='ltr'>vocat</span> <span class='ocrx_word' id='word_1_151' title='bbox 1493 1475 1594 1516; x_wconf 91' lang='lat' dir='ltr'>auli-</span> 
     </span>
     <span class='ocr_line' id='line_1_20' title="bbox 123 1542 1593 1597; baseline -0.001 -12"><span class='ocrx_word' id='word_1_152' title='bbox 123 1558 218 1585; x_wconf 85' lang='lat' dir='ltr'>cum</span> <span class='ocrx_word' id='word_1_153' title='bbox 247 1543 625 1593; x_wconf 85' lang='lat' dir='ltr'>bibliothecarium,</span> <span class='ocrx_word' id='word_1_154' title='bbox 649 1543 827 1597; x_wconf 88' lang='lat' dir='ltr'>denique</span> <span class='ocrx_word' id='word_1_155' title='bbox 849 1542 919 1583; x_wconf 92' lang='lat' dir='ltr'>ubi</span> <span class='ocrx_word' id='word_1_156' title='bbox 941 1542 1198 1583; x_wconf 85' lang='lat' dir='ltr'>mentionem</span> <span class='ocrx_word' id='word_1_157' title='bbox 1220 1542 1353 1597; x_wconf 85' lang='lat' dir='ltr'>injicit</span> <span class='ocrx_word' id='word_1_158' title='bbox 1376 1543 1427 1583; x_wconf 90' lang='lat' dir='ltr'>de</span> <span class='ocrx_word' id='word_1_159' title='bbox 1451 1543 1593 1584; x_wconf 87' lang='lat' dir='ltr'>Helio-</span> 
     </span>
     <span class='ocr_line' id='line_1_21' title="bbox 123 1611 1594 1667; baseline -0.001 -14"><span class='ocrx_word' id='word_1_160' title='bbox 123 1613 227 1653; x_wconf 88' lang='lat' dir='ltr'>doro</span> <span class='ocrx_word' id='word_1_161' title='bbox 248 1627 274 1653; x_wconf 88' lang='lat' dir='ltr'>a</span> <span class='ocrx_word' id='word_1_162' title='bbox 295 1611 432 1653; x_wconf 79' lang='lat' dir='ltr'>Oaecio</span> <span class='ocrx_word' id='word_1_163' title='bbox 453 1612 706 1667; x_wconf 85' lang='lat' dir='ltr'>reprehenso</span> <span class='ocrx_word' id='word_1_164' title='bbox 728 1612 781 1652; x_wconf 91' lang='lat' dir='ltr'>ob</span> <span class='ocrx_word' id='word_1_165' title='bbox 802 1611 1021 1652; x_wconf 84' lang='lat' dir='ltr'>turbatam</span> <span class='ocrx_word' id='word_1_166' title='bbox 1048 1616 1287 1666; x_wconf 86' lang='lat' dir='ltr'>temporum</span> <span class='ocrx_word' id='word_1_167' title='bbox 1308 1611 1528 1661; x_wconf 85' lang='lat' dir='ltr'>rationem,</span> <span class='ocrx_word' id='word_1_168' title='bbox 1552 1611 1594 1652; x_wconf 90' lang='lat' dir='ltr'>in</span> 
     </span>
     <span class='ocr_line' id='line_1_22' title="bbox 123 1679 1595 1734; baseline 0 -15"><span class='ocrx_word' id='word_1_169' title='bbox 123 1679 173 1720; x_wconf 90' lang='lat' dir='ltr'>iis</span> <span class='ocrx_word' id='word_1_170' title='bbox 209 1694 302 1734; x_wconf 84' lang='lat' dir='ltr'>quae</span> <span class='ocrx_word' id='word_1_171' title='bbox 343 1680 394 1721; x_wconf 90' lang='lat' dir='ltr'>de</span> <span class='ocrx_word' id='word_1_172' title='bbox 436 1680 652 1721; x_wconf 87' lang='lat' dir='ltr'>Pisistrati</span> <span class='ocrx_word' id='word_1_173' title='bbox 694 1680 923 1721; x_wconf 89' lang='lat' dir='ltr'>Homerica</span> <span class='ocrx_word' id='word_1_174' title='bbox 964 1680 1205 1720; x_wconf 86' lang='lat' dir='ltr'>recensione</span> <span class='ocrx_word' id='word_1_175' title='bbox 1245 1679 1484 1720; x_wconf 83' lang='lat' dir='ltr'>tradiderat</span> <span class='ocrx_word' id='word_1_176' title='bbox 1520 1695 1595 1734; x_wconf 87' lang='lat' dir='ltr'>per</span> 
     </span>
     <span class='ocr_line' id='line_1_23' title="bbox 124 1748 1594 1803; baseline 0.001 -15"><span class='ocrx_word' id='word_1_177' title='bbox 124 1748 423 1789; x_wconf 84' lang='lat' dir='ltr'>Aristarchum</span> <span class='ocrx_word' id='word_1_178' title='bbox 452 1749 579 1790; x_wconf 88' lang='lat' dir='ltr'>facta.</span> <span class='ocrx_word' id='word_1_179' title='bbox 643 1749 749 1790; x_wconf 76' lang='lat' dir='ltr'>Haec</span> <span class='ocrx_word' id='word_1_180' title='bbox 785 1749 889 1790; x_wconf 88' lang='lat' dir='ltr'>satis</span> <span class='ocrx_word' id='word_1_181' title='bbox 917 1749 1112 1790; x_wconf 80' lang='lat' dir='ltr'>evincunt</span> <span class='ocrx_word' id='word_1_182' title='bbox 1142 1748 1262 1788; x_wconf 89' lang='lat' dir='ltr'>binos</span> <span class='ocrx_word' id='word_1_183' title='bbox 1294 1749 1594 1803; x_wconf 73' lang='lat' dir='ltr'>grammaticos</span> 
     </span>
     <span class='ocr_line' id='line_1_24' title="bbox 124 1817 1595 1872; baseline 0.001 -15"><span class='ocrx_word' id='word_1_184' title='bbox 124 1832 176 1857; x_wconf 83' lang='lat' dir='ltr'>ex</span> <span class='ocrx_word' id='word_1_185' title='bbox 207 1818 355 1858; x_wconf 88' lang='lat' dir='ltr'>eodem</span> <span class='ocrx_word' id='word_1_186' title='bbox 386 1817 554 1872; x_wconf 85' lang='lat' dir='ltr'>quidem</span> <span class='ocrx_word' id='word_1_187' title='bbox 586 1817 714 1868; x_wconf 79' lang='lat' dir='ltr'>fonte,</span> <span class='ocrx_word' id='word_1_188' title='bbox 738 1818 808 1858; x_wconf 87' lang='lat' dir='ltr'>sed</span> <span class='ocrx_word' id='word_1_189' title='bbox 844 1818 1017 1858; x_wconf 83' lang='lat' dir='ltr'>seorsim</span> <span class='ocrx_word' id='word_1_190' title='bbox 1048 1822 1091 1857; x_wconf 83' lang='lat' dir='ltr'>ct</span> <span class='ocrx_word' id='word_1_191' title='bbox 1123 1832 1218 1857; x_wconf 87' lang='lat' dir='ltr'>cum</span> <span class='ocrx_word' id='word_1_192' title='bbox 1251 1817 1488 1857; x_wconf 82' lang='lat' dir='ltr'>discrimine</span> <span class='ocrx_word' id='word_1_193' title='bbox 1518 1832 1595 1858; x_wconf 83' lang='lat' dir='ltr'>sua</span> 
     </span>
     <span class='ocr_line' id='line_1_25' title="bbox 124 1885 1593 1940; baseline 0 -15"><span class='ocrx_word' id='word_1_194' title='bbox 124 1885 324 1926; x_wconf 89' lang='lat' dir='ltr'>hausisse.</span> <span class='ocrx_word' id='word_1_195' title='bbox 387 1886 564 1927; x_wconf 89' lang='lat' dir='ltr'>Latinus</span> <span class='ocrx_word' id='word_1_196' title='bbox 586 1901 707 1926; x_wconf 87' lang='lat' dir='ltr'>suum</span> <span class='ocrx_word' id='word_1_197' title='bbox 729 1886 896 1940; x_wconf 85' lang='lat' dir='ltr'>quidem</span> <span class='ocrx_word' id='word_1_198' title='bbox 918 1890 1134 1926; x_wconf 85' lang='lat' dir='ltr'>auctorem</span> <span class='ocrx_word' id='word_1_199' title='bbox 1161 1890 1308 1939; x_wconf 87' lang='lat' dir='ltr'>aperte</span> <span class='ocrx_word' id='word_1_200' title='bbox 1329 1885 1499 1935; x_wconf 88' lang='lat' dir='ltr'>indicat,</span> <span class='ocrx_word' id='word_1_201' title='bbox 1522 1885 1593 1925; x_wconf 92' lang='lat' dir='ltr'>ubi</span> 
     </span>
     <span class='ocr_line' id='line_1_26' title="bbox 123 1953 1592 2008; baseline 0.001 -14"><span class='ocrx_word' id='word_1_202' title='bbox 123 1953 197 2004; x_wconf 80' lang='lat' dir='ltr'>ait,</span> <span class='ocrx_word' id='word_1_203' title='bbox 221 1969 264 1994; x_wconf 88' lang='lat' dir='ltr'>se</span> <span class='ocrx_word' id='word_1_204' title='bbox 286 1954 468 1996; x_wconf 80' lang='lat' dir='ltr'>Caecium</span> <span class='ocrx_word' id='word_1_205' title='bbox 489 1954 530 1994; x_wconf 90' lang='lat' dir='ltr'>in</span> <span class='ocrx_word' id='word_1_206' title='bbox 553 1954 854 1995; x_wconf 88' lang='lat' dir='ltr'>commentario</span> <span class='ocrx_word' id='word_1_207' title='bbox 876 1954 917 1994; x_wconf 95' lang='lat' dir='ltr'>in</span> <span class='ocrx_word' id='word_1_208' title='bbox 939 1953 1240 2008; x_wconf 85' lang='lat' dir='ltr'>Aristophanis</span> <span class='ocrx_word' id='word_1_209' title='bbox 1258 1953 1443 2003; x_wconf 85' lang='lat' dir='ltr'>Plutum,</span> <span class='ocrx_word' id='word_1_210' title='bbox 1462 1954 1592 2008; x_wconf 86' lang='lat' dir='ltr'>sequi.</span> 
     </span>
     <span class='ocr_line' id='line_1_27' title="bbox 125 2021 1593 2074; baseline 0.001 -12"><span class='ocrx_word' id='word_1_211' title='bbox 125 2022 227 2074; x_wconf 78' lang='lat' dir='ltr'>Quis</span> <span class='ocrx_word' id='word_1_212' title='bbox 248 2022 375 2064; x_wconf 87' lang='lat' dir='ltr'>fuerit</span> <span class='ocrx_word' id='word_1_213' title='bbox 404 2022 471 2063; x_wconf 84' lang='lat' dir='ltr'>ille</span> <span class='ocrx_word' id='word_1_214' title='bbox 499 2022 671 2072; x_wconf 84' lang='lat' dir='ltr'>Caecius,</span> <span class='ocrx_word' id='word_1_215' title='bbox 695 2022 887 2062; x_wconf 87' lang='lat' dir='ltr'>omnibus</span> <span class='ocrx_word' id='word_1_216' title='bbox 915 2022 1052 2062; x_wconf 90' lang='lat' dir='ltr'>adhuc</span> <span class='ocrx_word' id='word_1_217' title='bbox 1086 2021 1312 2069; x_wconf 89' lang='lat' dir='ltr'>inauditus,</span> <span class='ocrx_word' id='word_1_218' title='bbox 1336 2036 1420 2061; x_wconf 91' lang='lat' dir='ltr'>non</span> <span class='ocrx_word' id='word_1_219' title='bbox 1441 2022 1496 2062; x_wconf 88' lang='lat' dir='ltr'>ad</span> <span class='ocrx_word' id='word_1_220' title='bbox 1518 2037 1593 2063; x_wconf 87' lang='lat' dir='ltr'>nos</span> 
     </span>
     <span class='ocr_line' id='line_1_28' title="bbox 123 2089 1594 2145; baseline -0.001 -14"><span class='ocrx_word' id='word_1_221' title='bbox 123 2091 308 2145; x_wconf 88' lang='lat' dir='ltr'>pertinet</span> <span class='ocrx_word' id='word_1_222' title='bbox 328 2090 561 2145; x_wconf 84' lang='lat' dir='ltr'>anquirere,</span> <span class='ocrx_word' id='word_1_223' title='bbox 590 2091 664 2131; x_wconf 89' lang='lat' dir='ltr'>sed</span> <span class='ocrx_word' id='word_1_224' title='bbox 695 2090 728 2130; x_wconf 91' lang='lat' dir='ltr'>si</span> <span class='ocrx_word' id='word_1_225' title='bbox 750 2090 955 2144; x_wconf 87' lang='lat' dir='ltr'>conjicere</span> <span class='ocrx_word' id='word_1_226' title='bbox 984 2090 1094 2140; x_wconf 87' lang='lat' dir='ltr'>licet,</span> <span class='ocrx_word' id='word_1_227' title='bbox 1118 2105 1194 2144; x_wconf 75' lang='lat' dir='ltr'>ego</span> <span class='ocrx_word' id='word_1_228' title='bbox 1217 2089 1429 2130; x_wconf 70' lang='lat' dir='ltr'>Caecilium</span> <span class='ocrx_word' id='word_1_229' title='bbox 1450 2090 1594 2131; x_wconf 80' lang='lat' dir='ltr'>Calac-</span> 
     </span>
     <span class='ocr_line' id='line_1_29' title="bbox 123 2158 1594 2213; baseline -0.001 -13"><span class='ocrx_word' id='word_1_230' title='bbox 123 2159 286 2200; x_wconf 90' lang='lat' dir='ltr'>tianum</span> <span class='ocrx_word' id='word_1_231' title='bbox 308 2160 384 2201; x_wconf 91' lang='lat' dir='ltr'>sub</span> <span class='ocrx_word' id='word_1_232' title='bbox 406 2160 488 2200; x_wconf 89' lang='lat' dir='ltr'>isto</span> <span class='ocrx_word' id='word_1_233' title='bbox 510 2159 692 2200; x_wconf 87' lang='lat' dir='ltr'>barbaro</span> <span class='ocrx_word' id='word_1_234' title='bbox 721 2159 886 2199; x_wconf 87' lang='lat' dir='ltr'>nomine</span> <span class='ocrx_word' id='word_1_235' title='bbox 907 2159 1040 2200; x_wconf 87' lang='lat' dir='ltr'>latere</span> <span class='ocrx_word' id='word_1_236' title='bbox 1061 2158 1201 2213; x_wconf 90' lang='lat' dir='ltr'>potius</span> <span class='ocrx_word' id='word_1_237' title='bbox 1223 2159 1461 2205; x_wconf 77' lang='lat' dir='ltr'>crederem3</span> <span class='ocrx_word' id='word_1_238' title='bbox 1496 2173 1594 2199; x_wconf 91' lang='lat' dir='ltr'>nam</span> 
     </span>
     <span class='ocr_line' id='line_1_30' title="bbox 124 2226 1594 2282; baseline -0.002 -13"><span class='ocrx_word' id='word_1_239' title='bbox 124 2228 203 2269; x_wconf 88' lang='lat' dir='ltr'>etsi</span> <span class='ocrx_word' id='word_1_240' title='bbox 234 2244 318 2269; x_wconf 91' lang='lat' dir='ltr'>non</span> <span class='ocrx_word' id='word_1_241' title='bbox 349 2229 401 2270; x_wconf 90' lang='lat' dir='ltr'>de</span> <span class='ocrx_word' id='word_1_242' title='bbox 437 2228 655 2270; x_wconf 81' lang='lat' dir='ltr'>Comoedia</span> <span class='ocrx_word' id='word_1_243' title='bbox 684 2228 800 2268; x_wconf 90' lang='lat' dir='ltr'>illum</span> <span class='ocrx_word' id='word_1_244' title='bbox 831 2227 1045 2282; x_wconf 88' lang='lat' dir='ltr'>scripsisse</span> <span class='ocrx_word' id='word_1_245' title='bbox 1077 2231 1226 2268; x_wconf 89' lang='lat' dir='ltr'>auctor</span> <span class='ocrx_word' id='word_1_246' title='bbox 1258 2230 1323 2267; x_wconf 87' lang='lat' dir='ltr'>est</span> <span class='ocrx_word' id='word_1_247' title='bbox 1355 2226 1518 2276; x_wconf 84' lang='lat' dir='ltr'>Suidas,</span> <span class='ocrx_word' id='word_1_248' title='bbox 1542 2227 1594 2267; x_wconf 89' lang='lat' dir='ltr'>de</span> 
     </span>
     <span class='ocr_line' id='line_1_31' title="bbox 123 2295 1595 2352; baseline -0.001 -15"><span class='ocrx_word' id='word_1_249' title='bbox 123 2297 312 2352; x_wconf 84' lang='lat' dir='ltr'>pluribus</span> <span class='ocrx_word' id='word_1_250' title='bbox 338 2302 481 2339; x_wconf 87' lang='lat' dir='ltr'>tamen</span> <span class='ocrx_word' id='word_1_251' title='bbox 512 2297 672 2338; x_wconf 87' lang='lat' dir='ltr'>fatetur</span> <span class='ocrx_word' id='word_1_252' title='bbox 699 2296 844 2352; x_wconf 80' lang='lat' dir='ltr'>egisse,</span> <span class='ocrx_word' id='word_1_253' title='bbox 869 2311 961 2350; x_wconf 80' lang='lat' dir='ltr'>quae</span> <span class='ocrx_word' id='word_1_254' title='bbox 993 2311 1077 2336; x_wconf 92' lang='lat' dir='ltr'>non</span> <span class='ocrx_word' id='word_1_255' title='bbox 1101 2295 1370 2336; x_wconf 87' lang='lat' dir='ltr'>recensuerit.</span> <span class='ocrx_word' id='word_1_256' title='bbox 1435 2295 1595 2350; x_wconf 86' lang='lat' dir='ltr'>Lepida</span> 
     </span>
     <span class='ocr_line' id='line_1_32' title="bbox 123 2363 1594 2420; baseline -0.003 -13"><span class='ocrx_word' id='word_1_257' title='bbox 123 2370 267 2407; x_wconf 87' lang='lat' dir='ltr'>autem</span> <span class='ocrx_word' id='word_1_258' title='bbox 298 2371 363 2407; x_wconf 91' lang='lat' dir='ltr'>est</span> <span class='ocrx_word' id='word_1_259' title='bbox 388 2366 597 2407; x_wconf 90' lang='lat' dir='ltr'>Dindorfii</span> <span class='ocrx_word' id='word_1_260' title='bbox 628 2366 870 2420; x_wconf 88' lang='lat' dir='ltr'>conjectura</span> <span class='ocrx_word' id='word_1_261' title='bbox 901 2365 953 2405; x_wconf 88' lang='lat' dir='ltr'>de</span> <span class='ocrx_word' id='word_1_262' title='bbox 982 2365 1132 2406; x_wconf 87' lang='lat' dir='ltr'>Tzetze</span> <span class='ocrx_word' id='word_1_263' title='bbox 1163 2365 1239 2405; x_wconf 90' lang='lat' dir='ltr'>sub</span> <span class='ocrx_word' id='word_1_264' title='bbox 1272 2363 1395 2405; x_wconf 79' lang='lat' dir='ltr'>Caecii</span> <span class='ocrx_word' id='word_1_265' title='bbox 1427 2363 1594 2403; x_wconf 89' lang='lat' dir='ltr'>nomine</span> 
     </span>
     <span class='ocr_line' id='line_1_33' title="bbox 124 2432 1594 2490; baseline -0.001 -15"><span class='ocrx_word' id='word_1_266' title='bbox 124 2434 336 2484; x_wconf 88' lang='lat' dir='ltr'>latitante,</span> <span class='ocrx_word' id='word_1_267' title='bbox 369 2434 640 2490; x_wconf 87' lang='lat' dir='ltr'>(Rheinische</span> <span class='ocrx_word' id='word_1_268' title='bbox 670 2435 781 2475; x_wconf 88' lang='lat' dir='ltr'>Mus.</span> <span class='ocrx_word' id='word_1_269' title='bbox 806 2434 885 2474; x_wconf 86' lang='lat' dir='ltr'>IV.</span> <span class='ocrx_word' id='word_1_270' title='bbox 917 2449 956 2488; x_wconf 91' lang='lat' dir='ltr'>p.</span> <span class='ocrx_word' id='word_1_271' title='bbox 984 2433 1099 2488; x_wconf 80' lang='lat'>232.)</span> <span class='ocrx_word' id='word_1_272' title='bbox 1134 2433 1207 2473; x_wconf 88' lang='lat' dir='ltr'>sed</span> <span class='ocrx_word' id='word_1_273' title='bbox 1240 2447 1366 2487; x_wconf 87' lang='lat' dir='ltr'>quam</span> <span class='ocrx_word' id='word_1_274' title='bbox 1397 2432 1594 2487; x_wconf 87' lang='lat' dir='ltr'>amplecti</span> 
     </span>
     <span class='ocr_line' id='line_1_34' title="bbox 126 2501 1592 2557; baseline -0.001 -15"><span class='ocrx_word' id='word_1_275' title='bbox 126 2503 290 2553; x_wconf 88' lang='lat' dir='ltr'>nollem,</span> <span class='ocrx_word' id='word_1_276' title='bbox 313 2502 392 2543; x_wconf 89' lang='lat' dir='ltr'>nisi</span> <span class='ocrx_word' id='word_1_277' title='bbox 414 2502 519 2557; x_wconf 80' lang='lat' dir='ltr'>quis,</span> <span class='ocrx_word' id='word_1_278' title='bbox 546 2507 589 2544; x_wconf 91' lang='lat' dir='ltr'>et</span> <span class='ocrx_word' id='word_1_279' title='bbox 617 2507 810 2543; x_wconf 89' lang='lat' dir='ltr'>nostrum</span> <span class='ocrx_word' id='word_1_280' title='bbox 833 2503 1027 2544; x_wconf 78' lang='lat' dir='ltr'>Graeeum</span> <span class='ocrx_word' id='word_1_281' title='bbox 1047 2506 1264 2543; x_wconf 87' lang='lat' dir='ltr'>auctorem</span> <span class='ocrx_word' id='word_1_282' title='bbox 1285 2516 1375 2542; x_wconf 87' lang='lat' dir='ltr'>esse</span> <span class='ocrx_word' id='word_1_283' title='bbox 1397 2501 1592 2551; x_wconf 78' lang='lat' dir='ltr'>Gaecium,</span> 
     </span>
     <span class='ocr_line' id='line_1_35' title="bbox 126 2570 1594 2625; baseline -0.001 -14"><span class='ocrx_word' id='word_1_284' title='bbox 126 2571 307 2625; x_wconf 84' lang='lat' dir='ltr'>probare</span> <span class='ocrx_word' id='word_1_285' title='bbox 333 2575 489 2625; x_wconf 87' lang='lat' dir='ltr'>posset.</span> <span class='ocrx_word' id='word_1_286' title='bbox 551 2570 603 2611; x_wconf 85' lang='lat' dir='ltr'>Id</span> <span class='ocrx_word' id='word_1_287' title='bbox 630 2575 773 2612; x_wconf 87' lang='lat' dir='ltr'>autem</span> <span class='ocrx_word' id='word_1_288' title='bbox 794 2570 1024 2612; x_wconf 86' lang='lat' dir='ltr'>clarissimo</span> <span class='ocrx_word' id='word_1_289' title='bbox 1046 2571 1134 2611; x_wconf 89' lang='lat' dir='ltr'>viro</span> <span class='ocrx_word' id='word_1_290' title='bbox 1157 2571 1208 2611; x_wconf 88' lang='lat' dir='ltr'>de</span> <span class='ocrx_word' id='word_1_291' title='bbox 1231 2571 1474 2611; x_wconf 81' lang='lat' dir='ltr'>Graecorum</span> <span class='ocrx_word' id='word_1_292' title='bbox 1500 2570 1594 2610; x_wconf 86' lang='lat' dir='ltr'>dra-</span> 
     </span>
     <span class='ocr_line' id='line_1_36' title="bbox 127 2638 1594 2689; baseline -0.002 -9"><span class='ocrx_word' id='word_1_293' title='bbox 127 2644 241 2680; x_wconf 86' lang='lat' dir='ltr'>mate</span> <span class='ocrx_word' id='word_1_294' title='bbox 262 2644 352 2680; x_wconf 90' lang='lat' dir='ltr'>tam</span> <span class='ocrx_word' id='word_1_295' title='bbox 372 2639 478 2680; x_wconf 88' lang='lat' dir='ltr'>bene</span> <span class='ocrx_word' id='word_1_296' title='bbox 498 2639 648 2681; x_wconf 88' lang='lat' dir='ltr'>merito</span> <span class='ocrx_word' id='word_1_297' title='bbox 670 2640 953 2689; x_wconf 88' lang='lat' dir='ltr'>concederem,</span> <span class='ocrx_word' id='word_1_298' title='bbox 969 2639 1167 2680; x_wconf 87' lang='lat' dir='ltr'>Tzetzem</span> <span class='ocrx_word' id='word_1_299' title='bbox 1187 2643 1393 2689; x_wconf 86' lang='lat' dir='ltr'>nostrum,</span> <span class='ocrx_word' id='word_1_300' title='bbox 1407 2638 1480 2678; x_wconf 83' lang='lat' dir='ltr'>sed</span> <span class='ocrx_word' id='word_1_301' title='bbox 1502 2652 1594 2678; x_wconf 86' lang='lat' dir='ltr'>sero</span> 
     </span>
     <span class='ocr_line' id='line_1_37' title="bbox 128 2706 1592 2763; baseline -0.003 -14"><span class='ocrx_word' id='word_1_302' title='bbox 128 2708 308 2762; x_wconf 88' lang='lat' dir='ltr'>quidem,</span> <span class='ocrx_word' id='word_1_303' title='bbox 341 2707 565 2763; x_wconf 84' lang='lat' dir='ltr'>aspexisse,</span> <span class='ocrx_word' id='word_1_304' title='bbox 589 2712 644 2758; x_wconf 91' lang='lat' dir='ltr'>et,</span> <span class='ocrx_word' id='word_1_305' title='bbox 667 2708 721 2749; x_wconf 89' lang='lat' dir='ltr'>ab</span> <span class='ocrx_word' id='word_1_306' title='bbox 743 2722 792 2749; x_wconf 92' lang='lat' dir='ltr'>eo</span> <span class='ocrx_word' id='word_1_307' title='bbox 823 2707 865 2748; x_wconf 93' lang='lat' dir='ltr'>in</span> <span class='ocrx_word' id='word_1_308' title='bbox 893 2707 1112 2761; x_wconf 88' lang='lat' dir='ltr'>aliquibus,</span> <span class='ocrx_word' id='word_1_309' title='bbox 1136 2712 1183 2748; x_wconf 89' lang='lat' dir='ltr'>ut</span> <span class='ocrx_word' id='word_1_310' title='bbox 1204 2707 1313 2747; x_wconf 89' lang='lat' dir='ltr'>infra</span> <span class='ocrx_word' id='word_1_311' title='bbox 1333 2706 1592 2755; x_wconf 86' lang='lat' dir='ltr'>monstrabo,</span> 
     </span>
     <span class='ocr_line' id='line_1_38' title="bbox 127 2775 1593 2829; baseline -0.003 -12"><span class='ocrx_word' id='word_1_312' title='bbox 127 2777 324 2817; x_wconf 90' lang='lat' dir='ltr'>edoctum</span> <span class='ocrx_word' id='word_1_313' title='bbox 353 2776 494 2817; x_wconf 87' lang='lat' dir='ltr'>fuisse.</span> <span class='ocrx_word' id='word_1_314' title='bbox 550 2776 647 2817; x_wconf 91' lang='lat' dir='ltr'>Non</span> <span class='ocrx_word' id='word_1_315' title='bbox 675 2791 765 2817; x_wconf 90' lang='lat' dir='ltr'>esse</span> <span class='ocrx_word' id='word_1_316' title='bbox 791 2780 935 2817; x_wconf 88' lang='lat' dir='ltr'>autem</span> <span class='ocrx_word' id='word_1_317' title='bbox 963 2776 1169 2825; x_wconf 86' lang='lat' dir='ltr'>Tzetzem,</span> <span class='ocrx_word' id='word_1_318' title='bbox 1201 2775 1270 2829; x_wconf 89' lang='lat' dir='ltr'>qui</span> <span class='ocrx_word' id='word_1_319' title='bbox 1304 2775 1468 2829; x_wconf 75' lang='lat' dir='ltr'>“longo</span> <span class='ocrx_word' id='word_1_320' title='bbox 1499 2788 1593 2814; x_wconf 88' lang='lat' dir='ltr'>con-</span> 
     </span>
     <span class='ocr_line' id='line_1_39' title="bbox 129 2840 1595 2899; baseline -0.003 -14"><span class='ocrx_word' id='word_1_321' title='bbox 129 2849 153 2867; x_wconf 84' lang='lat'><strong>“</strong></span> <span class='ocrx_word' id='word_1_322' title='bbox 174 2844 276 2885; x_wconf 88' lang='lat' dir='ltr'>vitio</span> <span class='ocrx_word' id='word_1_323' title='bbox 318 2844 595 2885; x_wconf 87' lang='lat' dir='ltr'>Heliodorum</span> <span class='ocrx_word' id='word_1_324' title='bbox 635 2843 928 2899; x_wconf 56' lang='lat' dir='ltr'>reprehendiff</span> <span class='ocrx_word' id='word_1_325' title='bbox 969 2848 1012 2884; x_wconf 91' lang='lat' dir='ltr'>et</span> <span class='ocrx_word' id='word_1_326' title='bbox 1054 2842 1253 2883; x_wconf 85' lang='lat' dir='ltr'>falsitatis</span> <span class='ocrx_word' id='word_1_327' title='bbox 1297 2841 1450 2897; x_wconf 81' lang='lat' dir='ltr'>arguit,</span> <span class='ocrx_word' id='word_1_328' title='bbox 1497 2840 1595 2894; x_wconf 83' lang='lat' dir='ltr'>quia</span> 
     </span>
     <span class='ocr_line' id='line_1_40' title="bbox 128 2907 1595 2967; baseline -0.004 -14"><span class='ocrx_word' id='word_1_329' title='bbox 128 2912 425 2953; x_wconf 88' lang='lat' dir='ltr'>Aristarchum</span> <span class='ocrx_word' id='word_1_330' title='bbox 456 2913 684 2954; x_wconf 86' lang='lat' dir='ltr'>Pisistrato</span> <span class='ocrx_word' id='word_1_331' title='bbox 716 2912 921 2967; x_wconf 85' lang='lat' dir='ltr'>aequalem</span> <span class='ocrx_word' id='word_1_332' title='bbox 956 2911 1125 2961; x_wconf 84' lang='lat' dir='ltr'>fecerat,</span> <span class='ocrx_word' id='word_1_333' title='bbox 1158 2910 1288 2965; x_wconf 89' lang='lat' dir='ltr'>ipsius</span> <span class='ocrx_word' id='word_1_334' title='bbox 1324 2909 1451 2950; x_wconf 85' lang='lat' dir='ltr'>verba</span> <span class='ocrx_word' id='word_1_335' title='bbox 1491 2907 1595 2948; x_wconf 86' lang='lat' dir='ltr'>satis</span> 
     </span>
     <span class='ocr_line' id='line_1_41' title="bbox 127 2974 1592 3033; baseline -0.004 -11"><span class='ocrx_word' id='word_1_336' title='bbox 127 2980 345 3022; x_wconf 82' lang='lat' dir='ltr'>evincunt:</span> <span class='ocrx_word' id='word_1_337' title='bbox 381 2980 651 3033; x_wconf 75' lang='grc' dir='ltr'>ἑβδομήκοντα</span> <span class='ocrx_word' id='word_1_338' title='bbox 679 2981 740 3022; x_wconf 84' lang='grc' dir='ltr'>καὶ</span> <span class='ocrx_word' id='word_1_339' title='bbox 762 2981 829 3022; x_wconf 84' lang='grc' dir='ltr'>δύο</span> <span class='ocrx_word' id='word_1_340' title='bbox 850 2979 1109 3033; x_wconf 83' lang='grc' dir='ltr'>γραμματικοὶ</span> <span class='ocrx_word' id='word_1_341' title='bbox 1137 2978 1212 3019; x_wconf 76' lang='grc' dir='ltr'>σὺν</span> <span class='ocrx_word' id='word_1_342' title='bbox 1240 2977 1489 3030; x_wconf 75' lang='grc' dir='ltr'>Ἀριστάρχῳ</span> <span class='ocrx_word' id='word_1_343' title='bbox 1516 2974 1592 3017; x_wconf 86' lang='grc' dir='ltr'>ὑπὸ</span> 
     </span>
    </p>
   </div>
  </div>
 </body>
</html>
