1952 3342
905 186 1118 243 [20]

285 301 348 341 καὶ
379 301 423 340 ἐν
452 299 696 352 Ἀλκμαίωνι
723 301 775 355 τῷ
804 302 867 341 διὰ
896 302 1104 353 Κορίνθου,
1130 306 1155 319 “
1173 301 1283 352 φίλε,
1307 300 1416 350 φίλε,
1439 300 1629 351 πρόβατε,
1652 300 1753 350 μόλε

286 376 309 389 “
332 369 388 411 τὶς
409 369 475 409 ὅδε
496 368 672 411 ποδαπὸς
693 369 713 408 ὁ
735 367 849 418 ξένος
871 369 1077 421 Κορίνθιος
1098 367 1244 418 ἔμολεν
1267 365 1527 419 ἆγχίαλος4.”

339 435 604 490 Ἐπιπάροδος
622 435 665 477 δέ
686 437 810 483 ἐστιν,
829 436 924 476 ὅταν
945 436 1076 488 ἕτερος
1092 434 1210 489 χορὸς
1230 435 1453 487 ἀφικνεῖται
1474 438 1542 476 τοῦ
1561 433 1753 487 προτέρου

283 506 561 557 παρελθόντος·
600 503 791 555 στάσιμος
822 505 876 553 δὲ,
907 505 1003 545 ὅταν
1035 504 1111 558 χρὴ
1147 501 1284 555 λέγειν
1317 500 1525 554 στάσιμον,
1549 504 1599 546 ὡς
1629 505 1672 544 ἐν
1699 505 1752 558 τῷ

281 571 502 627 Ἱππολύτῳ
525 573 746 624 Εὐριπίδης,

610 655 746 688 ὠκεανοῦ
767 667 816 693 τις
835 653 910 699 ὕδωρ
929 650 1033 700 πέτρα
1052 652 1202 698 λέγεται.

282 738 490 792 ὑπόρχημα
525 735 555 778 δ’
588 735 638 777 ἂν
670 737 752 787 εἰή5
785 738 943 787 μᾶλλον
974 740 1050 777 τῶν
1081 737 1273 788 σατύρων·
1313 737 1455 776 ἐκεῖνοι
1485 739 1561 789 γὰρ
1593 735 1756 779 ἅδοντες

283 808 363 859 ἅμα
395 807 457 847 καὶ
490 807 712 859 ὀρχοῦνται·
752 804 965 855 ἀμοιβαῖον
998 802 1039 844 δέ
1075 805 1161 845 ἐστι
1195 804 1238 844 τὸ
1271 802 1476 857 πρόλογον
1510 803 1556 855 ἐξ
1587 806 1754 856 ἀμοιβῆς

283 873 516 928 λεγόμενον·
569 872 753 925 σκηνικὸς
798 870 841 913 δέ
893 874 1016 922 ἐστιν,
1054 873 1119 913 ὅτε
1163 876 1242 914 τῶν
1287 874 1505 925 ὑποκριτῶν
1553 875 1607 916 εἷς
1650 873 1755 924 ὠδὴν

287 941 468 997 φέρηται.

337 1113 355 1141 4
376 1112 461 1150 vid.
482 1112 529 1149 de
558 1112 629 1148 hoc
658 1111 700 1147 fr.
723 1110 854 1160 Eurip.
876 1109 993 1147 Dind.
1015 1123 1097 1160 quae
1126 1111 1283 1148 tentavit
1310 1112 1521 1150 Hermann.
1549 1121 1588 1150 et
1611 1112 1756 1150 Muller

285 1167 516 1205 Rheinische
537 1166 639 1202 Mus.
662 1173 690 1202 t.
706 1178 737 1199 v.
759 1178 794 1214 p.
810 1165 901 1213 361.
923 1165 986 1214 qui
1007 1164 1060 1200 sic
1082 1164 1257 1209 instituit,

632 1227 733 1269 φίλαι,
751 1227 851 1268 φίλαι,
868 1227 1019 1268 πρόβατε,
1037 1227 1166 1266 μόλετε·

632 1271 680 1303 τίς
697 1272 758 1309 ὅδε,
775 1272 910 1302 ποδαπὸς
928 1273 944 1302 ὁ
961 1270 1045 1310 ξένος
1063 1270 1232 1311 Κορινθίοις

633 1314 746 1353 ἔμολεν
763 1314 941 1355 ἀγχιάλοις.

339 1382 357 1409 5
388 1384 430 1419 In
453 1394 567 1431 marg.
588 1384 669 1418 ἐπὰν
689 1384 703 1418 ὅ
722 1383 852 1430 χορηγὸς
873 1384 1026 1431 ᾠὸαρχεῖν
1046 1383 1184 1430 λέγεται
1205 1382 1240 1417 τὸ
1262 1381 1293 1418 δὲ
1316 1380 1356 1417 οἶν
1377 1381 1435 1427 εἴην,
