1952 3342
733 205 944 261 [19]

174 485 275 528 Ood.
303 497 428 538 2720.
452 484 597 526 Chart.
620 484 739 525 form.
762 484 804 524 in
824 484 896 525 fol.
921 484 1027 525 Saec.
1053 482 1157 524 XV.
1191 483 1301 525 Cont
1339 497 1429 523 exc.
1453 482 1532 523 div.
1557 498 1578 523 e

115 559 228 609 poet.
276 554 486 609 praecipue
527 554 893 610 Epigrammatist.
940 552 1141 594 Proverb.
1179 552 1332 606 Georg.
1372 550 1496 605 Cypr.
1538 556 1581 592 et

115 623 233 664 alior.
267 627 360 664 tum
392 622 527 663 multa
560 622 896 678 grammaticalia
926 636 952 663 a
983 621 1103 662 nobis
1133 625 1282 676 postea
1313 619 1577 666 adhibenda3

116 694 160 732 et
186 690 214 731 f.
239 692 306 743 87.

174 776 224 815 Εἰ
252 775 326 826 μὲν
359 774 404 825 δὴ
437 774 568 815 πάντα
603 792 660 818 τις
693 776 882 830 Αἰσχύλῳ
912 775 1104 825 βούλεται
1134 775 1182 814 τὰ
1214 774 1303 826 περὶ
1335 773 1406 824 τὴν
1437 772 1584 824 σκηνὴν

117 842 312 895 εὑρήματα
341 842 595 895 προσνέμειν,
627 843 898 895 ἐκκυκλήματα
928 844 990 883 καὶ
1019 842 1264 895 περιάκιους1
1297 842 1359 882 καὶ
1388 843 1581 895 μηχανὰς,

118 911 293 963 ἐξώστρα
320 928 363 951 τε
385 911 447 951 καὶ
475 910 695 963 προσκήνια
727 912 789 951 καὶ
818 912 1028 963 διστεγίας,
1062 911 1124 950 καὶ
1157 913 1491 962 κεραυνοσκοπεῖα
1523 911 1584 949 καὶ

115 982 306 1031 βροντεῖα
340 980 402 1019 καὶ
435 982 646 1031 θεολογεῖα
678 979 740 1018 καὶ
772 978 974 1031 γεράνους,
1011 978 1077 1017 καί
1106 994 1181 1018 που
1219 977 1281 1017 καὶ
1312 977 1491 1027 ξυστίδας
1524 977 1585 1017 καὶ

115 1049 374 1100 βατραχίδας,
394 1047 456 1086 καὶ
476 1047 670 1098 πρόσωπα
692 1046 754 1086 καὶ
777 1046 1001 1098 κοθόρνους,
1026 1046 1087 1085 καὶ
1108 1046 1218 1085 ταυτὶ
1238 1047 1286 1085 τὰ
1307 1046 1480 1092 ποικίλα,
1497 1046 1587 1097 σύρ-

115 1113 220 1165 ματά
249 1131 292 1155 τε
319 1115 380 1154 καὶ
406 1115 633 1166 καλύπτραν
662 1114 726 1154 καὶ
756 1115 945 1165 κόλπωμα
976 1114 1038 1154 καὶ
1068 1113 1280 1166 παράπηχυ
1310 1114 1370 1153 καὶ
1399 1113 1584 1165 ἀργηνὸν,

119 1183 181 1222 καὶ
202 1182 411 1234 ὑποκριτὴν
434 1182 497 1223 ἐπὶ
525 1185 576 1237 τῷ
606 1182 771 1237 δευτέρῳ
800 1186 878 1222 τῶν
905 1182 1056 1234 τρίτων·
1089 1179 1112 1232 ἢ
1145 1182 1207 1222 καὶ
1239 1183 1448 1233 Σοφοκλῆς
1480 1181 1587 1221 ἔστιν

119 1250 144 1290 ἃ
164 1250 312 1291 τούτων
327 1251 713 1304 προσεμηχανήσατο
737 1251 800 1291 καὶ
819 1250 1095 1303 προσεξεῦρεν.
1119 1250 1203 1290 ἔστι
1225 1254 1306 1292 τοῖς
1325 1248 1587 1301 βουλομένοις

117 1319 216 1371 ὑπὲρ
247 1319 395 1359 τούτων
427 1320 565 1371 ἐρίζειν
597 1319 659 1360 καὶ
692 1319 824 1360 ἕλκειν
855 1317 912 1359 ἐπ’
936 1319 1054 1371 ἄμφω
1085 1318 1155 1369 τὴν
1186 1317 1320 1370 φήμην
1350 1321 1417 1357 τοῦ
1448 1319 1584 1369 λόγου.

118 1385 189 1436 τήν
209 1402 257 1438 γε
276 1386 354 1437 μὴν
374 1387 596 1439 γλυκύτητα
624 1387 695 1438 τὴν
721 1391 797 1427 τῶν
820 1388 936 1437 ἐπῶν,
961 1387 1023 1426 καὶ
1052 1386 1122 1436 τὴν
1154 1386 1394 1438 φαιδρότητα
1426 1385 1488 1425 καὶ
1517 1385 1588 1435 τὴν

120 1456 408 1507 καλλιφωνίαν,
433 1455 496 1496 καὶ
521 1456 592 1506 τὴν
617 1457 660 1496 ἐν
681 1459 762 1497 τοῖς
782 1454 924 1506 μέλεσι
945 1454 1223 1507 σωφροσύνην,
1248 1454 1310 1493 καὶ
1335 1455 1404 1496 τὰς
1425 1453 1486 1493 ἐπὶ
1507 1457 1589 1494 τοῖς

121 1521 291 1574 δράμασι
322 1525 564 1574 συμπλοκὰς,
597 1522 674 1564 οὔτ’
703 1522 752 1563 ἂν
783 1523 897 1565 αὐτὸς
929 1523 1183 1575 αἰσχυνθείην
1213 1525 1418 1573 Σοφοκλεῖ
1445 1520 1585 1572 νέμων·

123 1590 185 1630 καὶ
206 1589 277 1630 τὸν
295 1588 592 1644 Ἀριστοφάνην
614 1590 857 1644 ἀποδέχομαι
878 1590 1065 1643 λέγοντα,

554 1681 748 1728 Σοφοκλέους
767 1684 822 1714 τοῦ
841 1680 952 1725 μέλιτι
973 1679 1165 1725 κεκραμένου

447 1744 551 1791 ὥσπερ
571 1745 626 1778 καὶ
648 1741 782 1779 &laxast
800 1744 996 1790 περιέλειχεν
1017 1743 1052 1777 τὲ
1074 1742 1198 1788 στόμα.

183 1866 286 1908 Ood.
301 1877 419 1921 1773.
439 1867 585 1908 Chart.
608 1866 635 1907 f.
652 1878 714 1918 40.
739 1867 842 1907 Saee.
858 1866 964 1907 XV.
982 1867 1106 1907 Cont.
1122 1866 1371 1921 Diogenian.
1389 1865 1588 1906 Proverb.

125 1939 169 1976 et
182 1950 270 1976 var.
286 1935 636 1989 grammaticalia.
655 1940 698 1975 et
714 1935 741 1975 f.
759 1937 847 1975 106.
858 1951 895 1975 v.
917 1935 995 1974 hoc
1017 1934 1067 1975 fr.
1083 1936 1194 1989 quod
1209 1950 1259 1975 ex
1274 1934 1460 1975 Euclidis
1481 1948 1590 1974 com-

125 2008 255 2044 ment.
277 2003 320 2043 in
339 2003 594 2058 tragoediam
615 2004 851 2058 profectum
874 2008 979 2058 puto
1001 2003 1089 2044 coll.
1107 2003 1245 2044 Tzetz.
1267 2020 1306 2042 π.
1330 2005 1440 2054 διαφ.
1463 2019 1587 2051 ποιητ.

126 2072 290 2112 Aneod.
314 2076 447 2113 nostr.
469 2076 501 2112 t.
521 2071 577 2112 iii.
599 2087 641 2126 p.
659 2085 759 2126 344.

183 2160 263 2208 Τῆς
283 2160 465 2210 τραγικῆς
485 2156 680 2208 ποιήσεως
703 2159 782 2208 εἴδη
806 2158 882 2197 εἶσὶ
904 2157 1008 2197 δέκα·
1041 2158 1253 2209 πρόλογος,
1272 2158 1456 2209 ἅγγελος,
1477 2156 1590 2209 ἐξάγ-

127 2231 260 2278 γελος,
294 2225 477 2277 πάροδος,
508 2225 756 2277 ἐπιπάροδος,
781 2225 985 2276 στάσιμος,
1018 2224 1342 2277 ὑπερμακτικὸςῑ),
1372 2225 1591 2275 ἀμοιβαῖος,

129 2292 323 2345 σκηνικός.
361 2293 424 2333 καὶ
454 2295 651 2346 πρόλογος
680 2295 754 2345 μὲν
785 2294 854 2333 οὖν
887 2295 996 2334 ἐστὶν
1029 2294 1158 2346 εἱρμὸς
1189 2296 1236 2333 τὰ
1269 2295 1464 2346 γεγονότα
1494 2292 1516 2343 ἢ
1547 2295 1595 2333 τὰ

129 2363 302 2413 ἐσόμενα
330 2364 471 2411 δηλῶν·
508 2362 681 2413 ἅγγελος
703 2363 744 2401 δὲ
767 2363 786 2401 ὁ
809 2363 857 2401 τὰ
884 2361 955 2412 ἔξω
977 2364 1045 2411 τῆς
1065 2362 1218 2404 πόλεως
1239 2361 1496 2413 πεπραγμένα
1517 2364 1596 2402 τοῖς

130 2430 241 2471 ἐκτὸς
261 2432 327 2480 τῆς
348 2431 470 2471 οἰκίας
491 2432 633 2480 δηλῶν·
658 2429 827 2481 πάροδος
849 2428 891 2469 δέ
921 2430 1031 2469 ἐστιν
1059 2427 1134 2484 ᾠδὴ
1163 2433 1284 2482 χοροῦ
1308 2428 1495 2481 γινομένη
1518 2428 1596 2479 ἅμα

128 2500 174 2548 τῇ
199 2498 352 2551 εἰσόδῳ,
375 2495 508 2549 ὥσπερ
531 2498 573 2536 ἐν
593 2495 779 2552 Ὀρέστῃ,

454 2580 550 2625 σίγα,
571 2579 655 2624 σίγα.
675 2578 782 2612 λευκὸν
801 2576 886 2623 ’ίχνος
904 2579 1056 2625 ἀρβύλης·

207 2742 220 2770 l
257 2744 352 2781 Cod.
389 2752 453 2780 aut
489 2747 665 2792 περιάκιους
698 2752 761 2780 aut
797 2760 986 2792 περιακισις.
1026 2745 1104 2782 sed.
1141 2745 1212 2794 leg.
1249 2744 1348 2781 cred.
1383 2747 1595 2791 περικύκλως.

132 2796 152 2825 2
173 2796 253 2844 jam
283 2801 438 2834 καδίσκου
466 2798 537 2847 leg.
566 2810 646 2834 esse
675 2811 936 2847 perspexeram
964 2807 1163 2848 antequam
1196 2798 1233 2833 in
1256 2797 1444 2845 Aristoph.
1467 2796 1595 2845 fragm.

129 2850 186 2887 ita
205 2850 345 2887 editum
362 2850 433 2887 vidi
454 2865 475 2887 a
490 2850 666 2888 Dindorf.
683 2863 704 2887 e
720 2851 844 2887 Dione
858 2853 986 2901 Chrys.
1002 2854 1107 2887 Orat.
1123 2865 1192 2887 LII.
1211 2860 1237 2887 t.
1252 2852 1290 2887 ii.
1309 2864 1343 2900 p.
1358 2861 1444 2897 273.
1469 2849 1596 2885 Reisk.

133 2903 186 2941 ibi
207 2913 333 2940 autem
358 2903 492 2954 legitur
511 2905 730 2953 κεχρισμένου,
755 2913 794 2940 ut
814 2913 852 2941 et
873 2905 910 2941 in
934 2905 1111 2955 Sophocl.
1134 2906 1220 2941 vita.
1348 2902 1366 2930 3
1395 2903 1487 2952 Leg.
1508 2906 1598 2949 ὑπορ-

133 2974 324 3004 χηματικος.

825 3033 897 3060 D2
