1952 3342
602 191 1081 233 ANNOTATIONES.
1519 197 1573 239 17

108 304 133 320 “
151 298 326 352 quelque
343 298 488 339 notion
503 297 672 339 confuse
688 299 744 339 du
762 299 936 340 sto'icien
953 299 1269 340 bibliothecarii-e
1286 300 1338 339 (lo
1354 300 1570 355 Pergamo,

109 372 133 389 ‘⁶
155 381 251 407 sans
286 367 503 409 connaitre
539 381 592 407 au
623 367 739 421 juste
774 367 811 407 le
847 372 984 422 temps
1021 369 1074 408 οὐ
1113 368 1272 409 celui—ci
1309 368 1423 409 avoit
1458 371 1571 409 νόου.

107 440 133 457 “
157 434 292 476 Votre
313 434 558 483 correction,
582 435 804 484 monsieur,
832 469 838 476 .
863 466 870 474 .
891 467 899 475 .
924 436 1040 490 ἐπικῷ
1064 437 1202 491 κύκλῳ,
1227 441 1291 477 est
1313 436 1408 476 bien
1429 442 1567 477 autre-

109 508 133 526 “
155 508 270 544 ment
290 504 516 558 probablc,
551 504 763 558 peut-Gtre
784 505 1047 558 pourroit-on
1068 505 1144 546 lire
1160 505 1271 546 aussi
1290 538 1297 545 .
1320 538 1327 545 .
1347 537 1355 545 .
1375 508 1541 560 κυκλικῷ
1560 523 1566 545 ;

108 577 132 594 “
154 572 191 612 lo
217 571 418 612 vei-itable
450 586 547 612 nom
579 572 630 612 de
661 586 707 613 ce
738 573 861 627 poete
892 573 1078 628 cyclique
1112 575 1410 629 (Καρκίνῳὲἓὲ)
1444 574 1571 614 seroit

107 645 132 662 “
153 640 262 681 alors
292 640 419 681 cache
449 655 545 681 sous
573 640 631 681 les
663 640 842 695 syllabes
874 659 936 682 και
963 643 1039 682 ἐπί.
1091 641 1203 683 C'est
1229 657 1309 682 une
1334 643 1572 696 conjecture

109 714 134 730 ‘⁶
157 723 249 763 que,
271 709 368 749 bien
389 708 665 757 timidement,
685 708 788 763 j'osc
810 723 911 749 vous
933 709 1202 750 souniett1·e.”

170 775 265 817 Hoc
307 777 439 817 solum
475 776 671 830 adjiciam
706 777 1044 831 praestantissimi
1083 777 1176 817 Viri
1217 778 1389 827 monito,
1428 793 1572 820 revera

104 844 291 899 potuisse
305 845 626 886 Athenodorum
638 845 931 900 Cordylionem
944 860 970 886 a
984 850 1128 886 nostro
1144 846 1421 899 grammatico
1436 847 1569 896 citari,

105 927 188 953 non
225 918 273 954 ut
306 913 481 954 Homeri
517 914 792 962 redactorem,
826 914 899 954 sed
934 919 981 955 ut
1012 918 1227 955 auctorem
1263 915 1373 955 unde
1409 930 1483 956 sua
1520 916 1572 955 de

107 981 359 1022 Pisistratea
379 981 619 1022 recensione
639 987 845 1023 traxerat.

165 1050 228 1104 (Ιι)
261 1050 419 1091 Nostro
447 1064 531 1090 non
561 1050 741 1090 multum
764 1050 976 1104 discrepat
999 1050 1138 1091 Schol.
1161 1050 1339 1091 Aristid.
1370 1052 1466 1103 ὑπὲρ
1495 1055 1571 1092 τῶν

104 1117 312 1170 τεττάρων,
335 1123 367 1158 t.
391 1117 447 1158 iii.
472 1133 513 1172 p.
530 1132 629 1169 444.
656 1118 782 1158 Dind.
818 1116 967 1158 ’Ἄλλοι
989 1120 1030 1158 δὲ
1052 1118 1243 1171 λέγουσιν
1264 1119 1323 1158 ὅτι
1345 1116 1573 1172 ἐκωμῴὸουν

105 1186 297 1237 ὀνομαστὶ
327 1186 414 1228 τοὺς
441 1186 585 1238 ἄνδρας
609 1186 747 1240 μέχρις
770 1186 1000 1229 Εὐπόλιδος·
1032 1190 1208 1238 περιεῖλε
1229 1188 1271 1226 δὲ
1293 1189 1405 1226 τοῦτο
1436 1184 1570 1226 Ἀλκι-

103 1254 247 1306 βιάδης
273 1256 294 1295 ὁ
323 1254 540 1307 στρατηγὸς
569 1256 631 1296 καὶ
658 1254 796 1308 ῥήτωρ·
831 1255 1073 1309 κωμῳδηθεὶς
1102 1256 1178 1307 γὰρ
1206 1257 1313 1307 παρὰ
1336 1254 1569 1301 Εὐπόλιδος,

106 1321 271 1375 ἔρριψεν
293 1322 413 1363 αὐτὸν
442 1324 484 1363 ἐν
512 1326 556 1374 τῇ
586 1323 761 1374 θαλάττῃ
783 1325 827 1363 ἐν
852 1323 1014 1376 Σικελίᾳ
1036 1323 1413 1373 συστρατευόμενον,
1439 1323 1570 1367 εἰπὼν,

107 1395 131 1412 “
151 1390 282 1440 βάπτε
309 1407 359 1441 με
395 1392 439 1431 ἐν
472 1390 703 1446 θυμέλῃσιν,
738 1392 815 1444 ἐγὼ
852 1390 894 1431 δέ
930 1407 978 1430 σε
1017 1390 1159 1440 κύμασι
1193 1389 1341 1430 πάντου
1373 1391 1572 1440 βαπτίζων

106 1463 132 1480 “
153 1458 285 1499 ὀλέσω
309 1458 456 1510 νάμασι
483 1458 766 1511 πικροτάτοις.”
823 1459 907 1499 Sed
931 1472 1081 1513 parum
1102 1458 1334 1498 verosimile
1355 1463 1432 1507 est,
1457 1457 1571 1498 Alci-

106 1526 274 1567 biadem
296 1526 478 1582 elegiaco
504 1542 626 1567 usum
654 1527 779 1568 fuisse
806 1532 944 1568 metro
966 1527 1066 1567 dum
1087 1526 1291 1567 comicum
1313 1527 1571 1581 objurgaret.

105 1594 168 1636 Of.
188 1594 356 1635 Platon.
379 1612 419 1635 π.
443 1598 552 1647 διαφ.
577 1598 725 1649 κωμῳδ.
748 1611 787 1650 p.
811 1595 954 1636 xxxiii.
1007 1594 1192 1635 Meinek.
1216 1595 1375 1647 Quaest.
1401 1594 1518 1634 Scen.
1539 1593 1572 1633 I.

105 1680 145 1719 p.
167 1678 237 1718 43.
267 1669 310 1705 et
340 1664 444 1705 alios
475 1670 607 1706 auctt.
634 1665 704 1705 cit.
733 1680 759 1706 a
780 1665 960 1705 Runkel.
985 1664 1157 1719 Fragm.
1182 1663 1377 1718 Eupolid.
1407 1662 1570 1708 Βάπται,

105 1748 146 1788 Ρ·
169 1747 238 1788 99·

167 1802 222 1854 (ι’)
258 1801 363 1841 Haec
395 1801 563 1841 omnino
594 1803 846 1842 conferenda
877 1807 975 1842 sunt
1011 1815 1104 1842 cum
1135 1800 1184 1840 iis
1216 1815 1307 1854 quae
1341 1815 1390 1839 ex
1424 1799 1573 1839 Tzetze

106 1868 271 1924 vulgavi
293 1869 455 1909 Anecd.
479 1868 535 1909 iii.
564 1884 606 1923 p.
630 1880 729 1924 337.
766 1870 854 1922 περὶ
883 1872 1073 1921 διαφορᾶς
1101 1872 1282 1920 ποιητῶν.
1317 1867 1373 1907 ibi
1403 1867 1572 1906 Tzetzes

105 1937 274 1978 flixerat
295 1952 333 1978 v.
357 1951 381 1991 9
404 1937 471 1977 ist.
494 1951 591 1991 pag.

432 2009 600 2056 σατυρικὶν
620 2007 653 2043 δὲ
675 2006 862 2055 Πραττίναν
882 2005 951 2043 οἶδα
970 2007 1071 2054 μόνον.

107 2077 170 2119 Of.
187 2077 324 2118 Schol.
337 2076 545 2131 Lycophr.
557 2076 721 2131 Proleg.
750 2075 908 2116 Nostro
922 2080 1065 2116 autem
1081 2073 1358 2129 grammatico
1371 2072 1571 2126 inspecto,

106 2145 165 2186 sic
186 2149 335 2200 postea
355 2159 539 2185 errorem
562 2158 681 2184 suum
703 2143 887 2198 agnovit.
947 2146 1074 2183 Τοῦτο
1097 2142 1207 2182 εἶπον
1228 2141 1475 2192 ἠπατημένος
1495 2144 1575 2182 τοῖς

108 2213 382 2267 ἐξηγουμένοις
405 2212 618 2265 Εὐριπίδην
640 2213 702 2252 καὶ
725 2211 939 2264 Σοφοκλέα
961 2210 1167 2263 γράψασιν
1193 2211 1303 2250 οὕτω·
1339 2217 1364 2229 “
1379 2209 1422 2249 τὸ
1449 2212 1575 2261 δρᾶμα

108 2288 135 2302 “
157 2281 201 2321 τὸ
223 2284 290 2332 τῆς
316 2280 577 2331 Ἀλκησ-τίδος
598 2280 822 2332 Εὐριπίδου,
847 2280 909 2320 καὶ
934 2280 954 2318 ὁ
980 2277 1172 2330 Ὀρέστης
1195 2279 1256 2318 καὶ
1277 2279 1300 2328 ἡ
1322 2278 1575 2330 Σοφοκλέους

109 2357 134 2369 “
156 2348 372 2401 Ἠλέκτρα,
403 2349 466 2389 καὶ
496 2349 574 2388 ὅσα
604 2351 775 2395 τοιαῦτα,
800 2346 989 2400 σατυρικά
1020 2349 1097 2387 εἰσι
1129 2347 1191 2387 καὶ
1222 2346 1266 2386 οὐ
1296 2348 1472 2398 τραγικὰ,
1497 2346 1573 2386 ἀπὸ

108 2424 135 2437 “
159 2421 373 2470 συμφορῶν
392 2419 468 2469 γὰρ
492 2417 554 2456 καὶ
575 2417 751 2468 δακρύων
773 2417 827 2458 εἷς
847 2417 977 2469 χαρὰν
999 2413 1255 2455 καταντῶσι.”
1293 2415 1390 2454 οὕτω
1411 2415 1485 2464 μὲν
1506 2414 1575 2454 οὗν

108 2485 269 2538 ἔγραψα
292 2485 381 2537 περὶ
407 2489 485 2525 τῶν
506 2485 700 2536 σατύρων,
723 2485 874 2526 τούτοις
895 2482 1153 2534 ἠπατημένος·
1187 2483 1361 2535 ἐντυχὼν
1384 2483 1425 2521 δὲ
1455 2498 1571 2521 σατυ-

106 2557 229 2605 ρικοῖς
249 2552 444 2605 δράμασιν
466 2552 689 2605 Εὐριπίδου,
714 2551 828 2593 αὐτὸς
847 2553 967 2603 μόνος
988 2550 1168 2603 ἐπέγνων
1189 2551 1231 2590 ἐκ
1252 2551 1399 2590 τούτων
1421 2566 1573 2601 σατυρι-

110 2623 176 2671 κῆς
202 2619 396 2671 ποιήσεως
425 2620 486 2661 καὶ
518 2621 717 2674 κωμῳδίας
743 2619 950 2672 διαφοράν·
984 2620 1099 2671 ἡμὲν
1121 2620 1190 2659 οὖν
1213 2619 1390 2672 κωμῳδία
1415 2616 1576 2669 δριμέως

108 2692 226 2729 τινῶν
258 2688 544 2739 καθαπτομένη,
578 2691 801 2739 διαβολαῖς,
835 2689 1110 2740 ἐπιλοιδορίαις
1141 2691 1242 2727 κινεῖ
1272 2685 1440 2738 γέλωτα·
1480 2686 1502 2735 ἡ
1535 2686 1576 2724 δὲ

109 2757 295 2809 σατυρικὴ
326 2758 482 2808 ποίησις
513 2758 680 2808 ἄκρατον
716 2756 778 2796 καὶ
810 2757 928 2808 ἀμιγῆ
960 2756 1159 2807 λοιδορίας
1189 2755 1273 2807 ἔχει
1306 2753 1375 2792 τὸν
1406 2751 1574 2804 γέλωτα,

111 2824 212 2865 πάνυ
233 2825 436 2875 ἡδύτατον,
460 2825 545 2864 οἷον
568 2824 637 2864 τὸν
659 2825 703 2864 ἐν
725 2823 921 2875 θυμέλαις.

169 2892 317 2933 Nullus
358 2897 500 2933 autem
537 2892 697 2940 dubito,
735 2891 835 2945 quin
871 2892 926 2932 ad
966 2891 1099 2932 nostri
1135 2891 1429 2944 fragmentum,
1467 2886 1576 2926 solas

112 2961 359 3002 Graecorum
409 2960 579 3016 satyrici
628 2960 833 3001 dramatis
882 2960 1089 3014 reliquias,
1132 2964 1293 3013 spectet
1334 2955 1579 2996 vanissimus

840 3044 864 3066 l)
