1952 3342
316 1023 807 1088 MONITUM
891 1020 1355 1085 LECTORI.

106 1404 241 1471 VIX
264 1430 431 1484 quidem
452 1431 684 1485 sperabam,
708 1436 805 1485 post
833 1436 899 1472 tot
931 1431 1151 1471 doctorum
1175 1427 1375 1468 Virorum
1407 1427 1572 1468 labores

101 1505 144 1546 in
164 1504 357 1546 eruendis
378 1504 611 1545 Anecdotis
640 1504 799 1546 Graecis
829 1519 850 1545 e
873 1503 1095 1546 Codicibus
1117 1502 1392 1543 Bibliothecae
1423 1501 1565 1556 Regiae

104 1578 365 1629 parisiensis,
389 1578 568 1619 multum
589 1578 726 1619 adhuc
748 1592 964 1633 superesse
986 1578 1064 1618 hac
1085 1581 1207 1631 parte
1229 1575 1441 1616 infectum.
1488 1575 1571 1615 Sed

101 1651 337 1693 nesciebam
356 1651 546 1706 profecto
567 1651 806 1692 inexhausti
828 1651 937 1692 illius
961 1650 1164 1691 Thesauri
1186 1649 1228 1690 in
1257 1649 1369 1689 omni
1392 1649 1568 1689 materie

102 1725 289 1773 divitias;
315 1740 407 1780 quae
426 1739 507 1779 quo
525 1725 660 1780 magis
681 1725 968 1780 explorantur,
987 1739 1036 1765 eo
1053 1723 1186 1779 magis
1203 1722 1379 1763 elucent.
1419 1722 1570 1776 Itaque

101 1798 207 1839 bene
242 1797 384 1838 multis
414 1797 590 1838 versatis
623 1796 762 1837 Libris
793 1796 1108 1850 Manuscriptis‚
1141 1796 1251 1836 unde
1283 1795 1441 1850 aliquid
1473 1795 1567 1836 novi

101 1871 378 1926 colligendum
408 1884 496 1911 esse
528 1871 791 1925 reputabam,
816 1885 866 1911 ea
894 1870 1007 1924 typis
1035 1869 1237 1910 mandare
1268 1869 1446 1917 institui,
1477 1883 1569 1923 quae

100 1945 201 1985 mihi
231 1945 321 1985 luce
351 1943 478 1999 digna
509 1958 599 1985 esse
620 1944 708 1985 visa
736 1949 858 1985 sunt:
893 1943 1130 1984 faventibus
1152 1942 1267 1983 Preli
1299 1942 1433 1983 nostri
1460 1943 1569 1983 Aea-

99 2017 247 2058 demici
287 2016 517 2072 Delegatis,
560 2017 630 2072 qui
670 2018 876 2059 bonarum
916 2018 1135 2058 literarum
1185 2016 1565 2070 promovendarum

100 2090 307 2133 occasioni
328 2103 546 2145 nunquam
567 2090 733 2130 desunt.

145 2164 253 2205 Haec
273 2163 376 2205 varii
395 2163 560 2219 generis
581 2167 624 2204 et
645 2162 895 2218 argumenti,
918 2166 966 2203 ut
987 2161 1121 2216 potui,
1136 2160 1178 2201 in
1200 2161 1389 2202 ordinem
1403 2161 1563 2216 redegi:

97 2237 312 2294 generales
332 2237 493 2291 aliquot
514 2235 666 2277 classes
694 2236 934 2283 statuendo,
958 2249 1034 2290 per
1056 2249 1160 2290 quas
1181 2234 1347 2276 diversa
1367 2235 1567 2290 opuscula

100 2312 328 2353 secundum
347 2310 568 2352 materiem
596 2310 792 2351 distribui
824 2314 868 2351 et
895 2309 1098 2365 assignari
1126 2313 1310 2364 possent.
1373 2309 1440 2350 Sic
1464 2310 1567 2350 Poc-

99 2385 206 2436 ticae,
230 2400 321 2440 quae
342 2385 398 2426 ad
418 2397 507 2425 rem
524 2382 813 2433 dramaticam‚
832 2382 1053 2423 metricam
1070 2386 1113 2422 et
1134 2381 1319 2422 musicen
1340 2382 1565 2437 pertinenti

99 2458 299 2500 attribui:
340 2456 639 2512 Philosophiae,
664 2471 756 2511 quae
787 2456 841 2497 ad
864 2455 1074 2504 Ethicam‚
1099 2454 1370 2496 Rhetoricam
1392 2460 1433 2497 et
1457 2455 1567 2510 Phy-

98 2533 239 2574 sicam.
286 2531 352 2573 Ea
372 2532 508 2587 primo
528 2530 736 2572 volumine
758 2534 958 2570 contenta
981 2534 1091 2570 sunt.
1139 2528 1241 2581 Quae
1258 2529 1311 2569 ad
1331 2528 1564 2570 Historiam

97 2611 140 2646 et
176 2604 499 2659 Chronologiam
532 2607 737 2658 spectant,
772 2602 953 2643 secundo
989 2601 1186 2641 volumini
1222 2602 1411 2643 attribui.
1467 2602 1567 2643 Alia

97 2678 237 2719 forsan
258 2678 435 2732 posthac
452 2677 707 2731 adjecturus,
727 2690 819 2729 quae
837 2675 893 2715 ad
911 2674 1016 2714 Rem
1034 2674 1336 2729 Philologicam
1353 2680 1393 2715 et
1418 2675 1565 2716 Grani*

99 2751 299 2792 maticam
323 2750 496 2791 faciunt.
562 2749 743 2790 Textum
775 2747 1119 2789 adnotationibus
1150 2748 1368 2797 adornare,
1393 2748 1470 2789 nisi
1496 2748 1564 2788 ubi

98 2824 345 2864 necessariae
368 2828 519 2873 essent,
539 2822 765 2877 supersedi,
785 2822 931 2862 relicto
953 2821 1031 2861 hoc
1053 2836 1177 2876 opere
1199 2821 1302 2871 aliis,
1323 2822 1392 2875 qui
1414 2827 1456 2862 et
1479 2822 1564 2862 otio

98 2901 140 2937 ct
161 2896 353 2937 doctrina
375 2896 509 2951 magis
529 2896 761 2937 abundant.
