1952 3342
344 219 400 258 14
835 216 1317 259 ANNOTATIONES.

342 321 611 374 Πισιστράτου
633 320 865 371 ἀξιωθέντες
885 323 933 362 τὰ
959 320 1133 373 “Ομήρου
1159 320 1355 372 ποιήματα
1382 319 1584 372 σποράδην
1606 319 1806 373 φερόμενα

341 390 658 439 συντεθείκεσαν,
679 389 740 429 καὶ
756 391 826 431 τὰς
847 390 964 430 αὐτοῦ
981 387 1109 439 λέξεις
1127 421 1135 429 .
1153 421 1161 429 .
1178 420 1185 428 .
1204 421 1212 429 .
1228 389 1314 441 ρίας
1335 387 1643 441 ε’πεξηγήσαντο.
1667 389 1803 429 Schol.

342 456 405 498 Io.
427 457 589 497 Tzotzae
610 457 665 497 ad
688 456 896 511 Exegesin
924 456 967 496 in
989 456 1110 496 Iliad.
1140 471 1180 510 p.
1204 467 1298 509 125.
1355 455 1405 496 In
1426 456 1490 497 his
1512 457 1641 497 etiam
1663 456 1805 497 Helio—

341 525 489 565 dorum
521 530 665 566 noster
686 525 851 565 videtur
881 524 1009 578 sequi.
1072 523 1304 564 Heliodoro
1335 528 1478 564 autem
1505 525 1638 566 multo
1664 525 1807 579 junior

341 598 418 642 est,
442 593 593 647 quippe
625 593 695 646 qui
724 592 921 633 Proclum
950 597 992 632 et
1015 591 1297 646 Porphyrium
1328 591 1500 639 laudam
1537 592 1571 633 si
1602 593 1727 633 modo
1755 593 1807 633 de

342 661 573 701 Heliodoro
589 660 741 715 agitur,
758 659 908 700 celebri
924 660 1201 714 grammatico
1218 660 1271 700 ab
1287 659 1591 714 Hephaestione
1608 665 1651 701 et
1668 660 1804 701 Schol.

341 729 430 783 ejus
447 729 630 769 laudato.
665 728 729 768 De
746 728 824 768 hoo
841 733 983 768 autom
1001 732 1043 768 et
1060 728 1223 768 oaeteris
1240 728 1427 782 ejusdem
1443 729 1621 769 nominis
1638 729 1806 769 omnino

341 797 618 837 consulendus
640 800 704 836 est
727 795 889 836 Bitschl
911 795 953 835 in
974 796 1164 849 praedict.
1188 795 1353 836 dissert.
1376 811 1417 850 p.
1439 797 1533 850 138.
1557 801 1600 837 ot
1621 811 1734 851 seqq.

402 866 459 918 (c)
484 863 747 904 Demetrium
769 863 1021 903 Phalereum
1052 863 1264 918 impulisse
1289 879 1431 919 regem
1453 865 1732 905 Ptolemaeum
1753 865 1808 905 ad

342 932 601 973 fundandam
633 931 904 972 Alexandriae
936 931 1254 982 Bibliotheoam,
1292 937 1447 987 praeter
1477 937 1671 973 nostrum
1700 933 1808 973 affir—

342 1000 471 1042 mavit
494 1000 622 1041 etiam
645 1000 907 1054 Epiphanius
930 1000 981 1040 de
1004 1000 1186 1041 Ponder.
1203 1000 1261 1041 II.
1284 1016 1324 1055 p.
1344 1002 1435 1041 166.
1451 1001 1506 1041 A.
1543 999 1593 1041 ‘O
1615 1003 1690 1053 γὰρ
1710 1002 1809 1052 μετὰ

342 1069 412 1109 τὸν
441 1072 697 1120 Πτολεμαῖον
728 1070 906 1120 δεύτερος
933 1070 1184 1119 βασιλεύσας
1212 1068 1517 1121 Ἀλεξανδρείας
1543 1073 1806 1121 Πτολεμαῖος,

344 1139 364 1177 6
393 1136 614 1187 ἐπικληθεὶς
635 1136 904 1188 Φιλάδελφος,
936 1137 985 1178 ὡς
1011 1138 1248 1188 προείρηται,
1279 1138 1499 1190 φιλόκαλος
1529 1155 1585 1179 τις
1617 1137 1714 1190 ἀνὴρ
1747 1138 1809 1178 καὶ

344 1206 566 1257 φιλολόγος
596 1203 818 1256 γεγένηται·
861 1204 904 1246 ὅς
934 1220 990 1246 τις
1018 1204 1283 1256 βιβλιοθήκην
1315 1206 1614 1248 κατασκεύασας
1646 1207 1710 1245 ἐπὶ
1744 1208 1810 1256 τῆς

345 1274 461 1318 αὐτῆς
494 1271 763 1324 Ἀλεξάνδρου
798 1274 964 1319 πόλεως,
999 1274 1042 1313 ἐν
1074 1276 1126 1328 τῷ
1163 1275 1338 1327 Βρουχίῳ
1376 1273 1603 1329 καλουμένῳ
1637 1275 1805 1325 κλίματι·

348 1341 428 1394 (καὶ
456 1341 542 1381 ἔστι
563 1344 676 1380 τοῦτο
704 1343 771 1390 τῆς
800 1341 915 1390 αὐτῆς
936 1342 1089 1384 πόλεως
1111 1342 1253 1394 ἔρημον
1275 1346 1394 1382 τανῦν
1415 1343 1624 1395 ὑπάρχον)
1661 1343 1809 1396 ἐνεχεί-

344 1425 442 1461 ρησε
465 1410 671 1462 Δημητρίῳ
700 1409 775 1448 τινὶ
805 1412 857 1463 τῷ
888 1412 1110 1464 Φαλαρηνῷ
1142 1410 1212 1461 τὴν
1242 1411 1361 1460 αὐτὴν
1381 1410 1660 1462 βιβλιοθήκην,
1683 1428 1806 1462 προσ-

344 1476 462 1526 τάξας
484 1479 726 1528 συναγαγεῖν
747 1479 814 1518 τὰς
839 1481 1044 1530 πανταχοῦ
1074 1481 1144 1530 γῆς
1173 1480 1357 1530 βίβλους,
1388 1479 1549 1532 γράψας
1581 1480 1807 1525 ἐπιστολὰς,

346 1545 408 1585 καὶ
429 1544 755 1596 προσλιπαρήσας
777 1545 945 1585 ἕκαστον
962 1550 1040 1586 τῶν
1062 1547 1124 1586 ἐπὶ
1145 1550 1216 1599 γῆς
1235 1547 1444 1598 βασιλέων
1460 1565 1503 1588 τε
1520 1549 1582 1588 καὶ
1602 1546 1740 1600 ἀρχὴν,
1758 1547 1809 1597 μὴ

346 1615 583 1663 κατοκνῆσαι
604 1613 851 1663 ἀποστεῖλαι,
867 1618 1036 1665 ποιητῶν
1056 1632 1098 1655 τε
1120 1614 1226 1668 λέγω
1249 1617 1311 1656 καὶ
1332 1615 1614 1668 λογογράφων,
1636 1615 1810 1667 ῥητόρων

345 1697 403 1730 τε,
417 1681 479 1720 καὶ
495 1684 712 1733 σοφιστῶν,
730 1682 792 1721 καὶ
807 1683 958 1734 ἰατρῶν,
976 1683 1037 1722 καὶ
1053 1685 1381 1735 ἶατροσοφιστῶν,
1399 1684 1461 1723 καὶ
1479 1682 1808 1735 ἱστοριογράφων,

346 1748 409 1788 καὶ
444 1751 594 1788 λοιπῶν
628 1748 934 1799 βίβλους-Εἰ
969 1749 1050 1790 11110
1085 1749 1223 1790 facere
1256 1750 1462 1800 videntur,
1497 1751 1594 1791 licet
1629 1751 1810 1791 maxime

345 1815 536 1856 fabulosa
557 1819 667 1865 sunb,
692 1830 784 1870 quae
807 1816 988 1870 Symeon
1011 1817 1252 1873 Logotheta
1272 1818 1314 1858 in
1337 1818 1556 1859 Chronico.
1580 1818 1681 1859 Cod.
1705 1818 1808 1874 Reg.

350 1895 472 1936 1712.
497 1889 657 1934 narrat,
682 1885 733 1925 (10
760 1885 975 1939 Colloquio
1004 1886 1210 1927 Demetrii
1242 1901 1335 1927 011111
1368 1887 1600 1927 Ptolemaeo
1630 1901 1728 1942 rege
1759 1887 1811 1928 de

348 1952 389 1992 S.
413 1951 652 2006 Scripturis.
694 1955 890 2005 παρόντος
912 1955 975 1995 καὶ
996 1955 1231 2007 Μενεδήμου
1253 1958 1481 2008 φιλοσόφου
1504 1956 1566 1996 καὶ
1589 1957 1811 2007 Δημητρίου

345 2023 415 2060 τοῦ
435 2019 663 2072 Φαλήρεως,
681 2021 810 2073 ἡρώτα
833 2023 853 2061 ὁ
874 2023 1068 2073 βασιλεὺς
1090 2025 1378 2077 (Πτολεμαῖος)
1399 2024 1457 2063 ὅτι
1478 2025 1664 2064 τοιούτων
1685 2025 1811 2064 ὄντων

346 2092 423 2128 τῶν
445 2091 559 2128 θειῶν
580 2089 725 2140 λόγων,
756 2093 836 2131 πῶς
863 2090 989 2132 οὐδεὶς
1013 2092 1216 2142 ἱστορικῶν
1236 2089 1259 2141 ἢ
1280 2095 1450 2142 ποιητῶν
1472 2090 1646 2141 ἐμνήσθη
1670 2091 1808 2131 αὐτῶν·

347 2156 411 2195 καὶ
427 2155 612 2207 ἀπεκρίθη
632 2156 862 2209 Δημήτριος,
881 2158 939 2197 ὅτι
956 2158 1082 2200 οὐδείς
1099 2175 1194 2199 ποτε
1213 2160 1434 2210 ἐτόλμησεν
1449 2160 1596 2199 τούτων
1615 2159 1809 2211 ἅψασθαι.

347 2223 405 2263 διὸ
428 2223 490 2262 καὶ
514 2223 758 2274 Θεόπομπον
781 2224 904 2275 (Cod.
928 2226 1194 2279 θεόπεμπτον)
1220 2225 1447 2276 θελήσαντα
1473 2227 1702 2278 ἱστορῆσθαι
1723 2228 1811 2278 περὶ

348 2292 485 2340 αὐτῶν,
503 2291 566 2331 καὶ
586 2293 873 2348 παραφροσύνῃ
897 2295 1144 2344 κρατηθῆναι,
1164 2294 1226 2333 καὶ
1247 2295 1343 2346 ὄναρ
1366 2296 1473 2344 ἰδεῖν,
1491 2295 1550 2334 ὅτι
1571 2298 1683 2334 τοῦτο
1707 2295 1810 2348 αὐτῷ

348 2358 580 2411 συμβέβηκε
610 2359 959 2414 περιεργασαμένῳ
990 2363 1038 2401 τὰ
1066 2364 1163 2401 θεῖα·
1198 2361 1261 2401 καὶ
1287 2362 1511 2402 Θεόδεκτον
1532 2361 1600 2402 τὸν
1621 2366 1698 2402 τῶν
1717 2379 1808 2414 τρα-

347 2430 499 2482 γῳδιῶν
515 2427 677 2478 ποιητὴν
695 2428 738 2468 ἐν
754 2428 811 2468 ἑνὶ
825 2427 988 2480 δράματι
1005 2428 1230 2480 μνησθέντα
1247 2432 1324 2469 τῶν
1339 2430 1451 2481 ἱερῶν
1465 2430 1609 2470 τούτων
1622 2431 1809 2481 βιβλίων,

348 2494 621 2548 τυφλωθέντα·
658 2495 863 2548 ἑκατέρους
891 2497 933 2536 δὲ
965 2496 1263 2550 ἀποσχομένους
1292 2501 1360 2537 τοῦ
1390 2496 1653 2548 τολμήματος,
1677 2498 1739 2538 καὶ
1766 2497 1810 2537 τὸ

349 2567 457 2605 θεῖον
489 2563 861 2615 ἐξευμενισαμένους
890 2565 1013 2617 ὑγιεῖς
1042 2564 1415 2617 γενέσθαι.-Ηὶ00
1442 2570 1585 2606 autem
1610 2566 1812 2616 αὐτολεξεὶ

348 2631 618 2672 inveniuntur
633 2631 674 2671 in
689 2631 878 2674 Cedreno
899 2647 939 2686 p.
955 2634 1045 2686 165.
1066 2632 1135 2686 qui
1157 2632 1375 2674 innumera
1390 2633 1473 2674 alia
1494 2647 1545 2673 ox
1561 2633 1811 2688 Logothetae

350 2699 557 2740 Chronico
579 2700 792 2754 expilavit.
835 2700 1028 2755 Exempli
1049 2715 1111 2755 gr.
1130 2700 1232 2742 Cod.
1254 2701 1281 2741 f.
1302 2713 1368 2755 23.
1406 2703 1458 2741 Οἱ
1479 2704 1723 2754 συγγραφεῖς
1741 2703 1809 2742 Αἰ-

350 2768 522 2819 γυπτίων
555 2767 618 2807 καὶ
651 2769 864 2809 Χαλδαίων
897 2769 1095 2809 Μανεθὼν
1131 2770 1151 2808 ὁ
1185 2773 1260 2809 τῶν
1293 2770 1517 2821 Αἰγυπτίων
1547 2768 1812 2820 ποιησάμενος

350 2835 600 2887 συγγραφὴν,
624 2835 830 2889 Βήροσσος
859 2837 880 2876 ὁ
909 2838 957 2876 τὰ
984 2839 1191 2877 Χαλδαϊκὰ
1222 2838 1472 2889 συναγαγὼν,
1504 2837 1651 2889 Μῶχός
1676 2853 1719 2877 τε
1751 2836 1812 2876 καὶ

364 2900 529 2944 Εστιεὸς
552 2903 614 2943 καὶ
634 2903 731 2956 πρὸς
751 2905 902 2946 τούτοις
923 2904 1132 2956 Αἰγύπτιος
1157 2903 1400 2957 Ἱερώνυμος·
1435 2905 1472 2944 οἱ
1503 2905 1544 2944 δὲ
1572 2906 1621 2944 τὰ
1647 2906 1813 2944 Φοινικὰ

352 2970 693 3023 συγγραψάμενοι,
715 2969 905 3014 “Ησιόδός
935 2971 1057 3024 (Cod.
1088 2972 1254 3026 ἶσίοδος)
1286 2988 1329 3012 τε
1361 2971 1422 3012 καὶ
1451 2970 1657 3016 Ἑκαταῖος
1689 2971 1810 3025 (God.
